2284 4150
659 281 1032 346 SALLUSTII
1062 280 1461 362 Ῑυασιιτιιιι.
1807 293 1933 350 109

171 419 538 482 Romanam
561 417 974 502 ‘quaestiones
992 415 1233 480 habitae
1250 430 1418 480 sunt:
1449 429 1589 501 post
1604 415 1685 480 C.
1707 421 1929 486 Gracci

169 519 246 568 et
277 505 385 566 M.
419 505 622 567 Fulvii
649 505 928 579 caedem,
973 505 1122 566 item
1154 502 1331 566 multi
1360 504 1551 568 vestri
1596 506 1875 568 ordinis'
1862 531 1927 570 ιιι

169 609 424 655 carcere
449 591 646 654 necati
690 605 867 654 sunt.
913 587 1233 672 utriusque
1276 590 1467 652 eladis
1494 611 1617 654 non
1662 593 1784 666 lex,
1829 615 1934 658 ve-

167 697 324 740 rum
348 671 588 740 flubido
627 697 845 740 eorum
889 678 1080 740 finem
1121 674 1289 740 feeit.
1380 676 1507 740 Sed
1551 699 1699 740 sane
1742 679 1934 742 fuerit

165 762 354 846 regni
377 764 658 847 aparatio,
700 764 864 847 plebi
886 761 1028 855 hsua·
1047 761 1406 826 nestituere.
1452 763 1756 846 quidquid
1794 766 1931 830 sine

167 851 476 933 sanguine
507 850 740 930 civium
767 848 978 914 ulcisci
1017 846 1340 932 ‘nequitum
1374 850 1519 932 jure
1564 850 1797 915 factum
1826 853 1929 916 sit.

167 935 615 1017 Superioribus
639 935 813 1001 annis
855 935 1024 1000 taciti
1067 934 1572 1020 indignabamini,
1616 939 1929 1002 aerarium

167 1022 472 1106 expilari3
517 1043 700 1107 reges
745 1038 806 1087 et
833 1021 1090 1107 populos
1119 1021 1345 1086 liberos
1372 1025 1581 1106 paucis
1620 1024 1929 1089 nobilibus

164 1109 442 1193 vectigal
481 1111 782 1191 pendere3
825 1130 1016 1192 penes
1057 1109 1315 1172 eosdem
1342 1125 1407 1171 et
1447 1131 1757 1174 summam
1804 1113 1935 1194 glo-

159 1195 360 1272 riam,
403 1209 470 1258 et
494 1215 820 1258 maxumas
845 1194 1094 1258 divitias
1135 1215 1303 1256 esse:
1346 1209 1553 1257 tamen
1596 1197 1747 1260 haec
1786 1198 1933 1263 talia
1968 1221 1979 1234 ¹

161 1279 448 1342 facinora
475 1274 726 1362 inipune
749 1280 1114 1363 suscepisse,
1142 1301 1362 1362 parum
1390 1282 1687 1344 habuere:
1720 1285 1931 1366 itaque

163 1382 492 1448 postremo
517 1367 709 1449 leges,
751 1367 1045 1452 majestas
1064 1381 1289 1440 vestra,
1328 1367 1541 1429 divina
1568 1383 1631 1432 et
1660 1369 1933 1434 humana

163 1453 385 1516 omnia
409 1453 690 1515 hostibus
731 1453 954 1516 tradita
995 1467 1161 1515 sunt.
1252 1453 1481 1534 Neque
1525 1473 1654 1530 eos,
1698 1457 1820 1537 qui
1838 1455 1932 1518 fe-

169 1559 336 1614 cere,
392 1540 585 1621 pudet
627 1553 732 1602 aut
782 1537 1106 1622 poenitet.
1146 1539 1257 1602 sed
1302 1539 1665 1615 incedunt*
1668 1550 1777 1624 pei·
1820 1562 1931 1607 ora

166 1638 378 1689 vestra
399 1625 746 1708 magnifice,
777 1625 1129 1687 *sacerdotia
1154 1640 1219 1686 et
1244 1623 1619 1722 consulatu&-
1655 1649 1795 1709 pars
1824 1630 1930 1692 tri-

167 1710 444 1792 umphos
494 1731 640 1772 suos
675 1707 1090 1772 ¹ostentantes.
1152 1709 1407 1790 perinde
1451 1711 1627 1790 quasi
1684 1713 1929 1790 honori,

167 1817 300 1859 non
319 1797 584 1880 praedae
604 1796 882 1858 habeant.
973 1794 1153 1857 servi
1176 1813 1316 1857 aere
1342 1796 1531 1878 parati
1557 1794 1817 1878 imperia
1838 1799 1931 1862 in-

155 1887 335 1982 justa
359 1882 758 1945 dominorum
785 1902 908 1944 uon
935 1879 1279 1964 perferunt.
1312 1901 1445 1958 vos,
1478 1881 1827 1964 Quirites,
1810 1906 1933 1948 im·

169 1969 348 2070 perio
375 1969 524 2045 nati,
567 1987 766 2050 aequo
793 1967 1002 2030 animo
1043 1967 1411 2030 servitutem
1454 1969 1742 2034 toleratis.
1836 1973 1931 2038 At

173 2056 284 2139 qui
311 2069 452 2119 sunt
477 2054 568 2130 hi,
597 2053 702 2137 qui
731 2051 1171 2139 rempublicam
1202 2074 1469 2153 occupat
1452 2056 1609 2117 ere?
1642 2057 1927 2121 homines

173 2142 672 2216 sceleratissumi‚
715 2141 986 2205 cruentis
1015 2141 1319 2215 manibus,
1361 2140 1623 2202 immani
1656 2141 1931 2220 avaritia,

173 2228 642 2304 nocentissumi,
690 2224 982 2307 ‘idemque
1032 2224 1701 2309 superbissumi3qu1s
1746 2228 1929 2307 fides,

173 2316 388 2389 decus,
442 2313 658 2397 pictae,
691 2327 1028 2411 ‘postremo
1071 2312 1327 2373 honesta
1378 2326 1559 2394 atque
1604 2314 1929 2380 inhonesta

175 2398 388 2463 omnia
431 2398 712 2479 quaestui
745 2412 904 2459 sunt.
995 2396 1151 2458 Pars
1194 2416 1412 2459 eorum
1440 2400 1777 2464 ¹³²¹occidisse
1823 2400 1929 2461 tri-

172 2487 372 2549 bunos
369 2484 606 2584 plebis,
634 2482 738 2543 alii
767 2481 1159 2565 quaestiones
1188 2480 1465 2566 injustas,
1492 2483 1767 2569 plerique
1796 2506 1928 2549 cae-

177 2573 326 2637 dem
367 2571 432 2633 in
475 2590 586 2633 vos
629 2567 870 2646 fecisse,
912 2588 1023 2651 pro
1069 2570 1453 2631 munimento
1496 2568 1737 2635 habent.
1830 2574 1930 2638 Ita

241 2746 266 2774 θ
293 2735 585 2803 Qaeeeionee.
655 2733 715 2783 In
736 2744 871 2783 some
892 2730 1106 2783 editions
1122 2735 1385 2799 quaestiones
1398 2750 1589 2799 graves,
1620 2750 1790 2789 severe
1810 2750 1924 2805 pro·

181 2814 435 2853 mentions.

241 2866 266 2905 f
295 2867 491 2919 Lubido.
559 2866 782 2933 Caprice.

241 2944 270 2983 ε
291 2936 505 2987 Pae-ario.
575 2934 636 2983 Ῑιι
661 2948 797 2983 some
819 2933 1032 2983 editions
1051 2934 1306 3013 reparatio

239 2999 269 3036 ¹¹
294 3002 442 3053 Sum·
470 3001 608 3067 Jura
637 3001 786 3067 being
817 2998 1138 3051 understood.
1190 3002 1243 3049 in
1277 3015 1413 3050 some
1444 2999 1656 3052 editions
1689 3002 1729 3052 it
1762 3003 1805 3053 is
1834 3018 1919 3057 ex-

174 3067 536 3211 Ρῐῗεελῗξᾳυὶωτ..
604 3135 652 3183 It
673 3149 880 3201 appears
913 3134 1043 3184 from
1075 3136 1248 3194 hence,
1283 3137 1393 3185 that
1414 3138 1519 3186 this
1550 3140 1673 3188 verb
1704 3154 1811 3189 was
1833 3152 1923 3191 an

177 3200 356 3263 eientl)
379 3200 532 3251 used
519 3216 571 3249 m
595 3204 680 3249 the
701 3204 896 3265 passive
917 3202 1070 3251 voice.

239 3266 271 3303 k
290 3266 381 3314 Per
401 3284 486 3315 ora
506 3278 676 3317 vestra.
745 3266 926 3317 Before
947 3282 1068 3329 your
1089 3266 1238 3317 faces.

245 3331 259 3369 ¹
293 3332 592 3383 Oetentanm.
662 3334 977 3400 Displaying,
1015 3333 1223 3397 making
1242 3350 1277 3383 a
1296 3335 1477 3400 parade
1502 3335 1573 3384 of.

239 3398 528 3447 mOccidiue.
600 3402 714 3449 The
737 3400 977 3450 infinitive
999 3402 1120 3449 used
1141 3416 1199 3449 as
1219 3417 1249 3448 a
1273 3402 1593 3450 substantive.
1662 3404 1923 3455 1nstanees

177 3464 238 3517 of
263 3467 364 3517 this
385 3479 498 3527 may
514 3467 576 3515 be
591 3464 746 3515 found
767 3466 1098 3517 afterwards
1085 3482 1138 3513 m
1158 3468 1243 3515 the
1264 3480 1401 3517 same
1422 3466 1521 3517 and
1543 3468 1805 3537 following
1836 3484 1921 3533 pa-

119 3568 126 3573 ·
179 3548 283 3597 ges,
314 3531 415 3583 and
439 3545 521 3584 are
544 3530 804 3598 frequent
789 3548 844 3585 in
862 3531 926 3583 all
946 3534 1162 3583 authors.

1020 3626 1080 3691 L
