2284 4150
663 289 1034 360 Sumam
1083 285 1457 356 Carx'mu.
1848 303 1933 359 2³

185 429 288 487 et
307 421 483 505 quasi
535 422 724 508 pollui
780 427 1162 502 consulatum
1214 427 1621 503 ²credebant.
1648 424 1704 488 si
1758 449 1937 508 ιιιιιιι,Δ

183 509 470 588 quamvis
486 509 790 594 egregius,
813 511 1003 576 homo
1028 511 1249 574 bnovus
1264 513 1519 595 adeptus
1536 485 1715 574 foret.
1781 515 1933 592 sed,

181 593 294 742 ἓδὶ
323 592 662 676 periculum
689 597 962 675 advenit,
990 597 1221 665 invidia
1250 612 1435 680 atque
1462 597 1755 682 superbia
1770 613 1937 682 post-

218 698 577 749 uere..
771 717 776 726 -
1928 729 1937 742 ,

255 765 526 832 X.x1V
577 769 854 846 IGrruR,
897 768 1165 834 comitiis
1207 769 1454 845 habitis,
1498 769 1779 834 consules
1824 729 1938 834 cle-

179 849 510 916 clara‘ntur
505 855 614 917 ·.M
650 854 892 920 Tullius
919 871 982 920 et
1009 855 1086 918 C.
1113 855 1464 930 Antonius3
1510 859 1678 938 quod
1706 855 1941 922 factum

179 937 392 1022 primo
449 941 756 1022 popularis
812 942 1249 1026 conjurationis
1295 957 1695 1006 concusserat
1804 943 1942 1006 Ne·-

179 1043 310 1106 que
339 1039 543 1087 tamen
573 1025 870 1090 Catilinae
900 1027 1070 1092 furor
1099 1028 1521 1098 minuebatur.
1565 1029 1769 1092 sedin
1798 1028 1939 1092 dies

178 1112 361 1194 plura
402 1112 674 1194 agitate3
729 1135 898 1176 arma
941 1136 1052 1196 per
1095 1115 1337 1176 Italiam
1387 1115 1539 1178 locis
1583 1115 1945 1198 opportunis

156 1217 436 1280 -parare3
475 1198 819 1280 pecuniam,
847 1221 957 1263 sua
983 1214 1087 1277 aut
1115 1200 1455 1262 amico-rum
1488 1201 1632 1276 fide,
1666 1217 1940 1264 sumtam

181 1297 500 1356 mutuam,
515 1285 838 1348 ‘Faesulas
861 1287 941 1348 ad
975 1271 1287 1350 Manlium
1317 1287 1651 1367 quemdam
1676 1302 1942 1368 portare,

181 1367 300 1450 qui
343 1379 554 1448 poetea
596 1371 879 1452 princeps
917 1371 1034 1434 fuit
1070 1372 1207 1434 belli
1246 1369 1541 1434 faciundi.
1646 1371 1741 1434 Ea
1784 1387 1941 1434 tem-

181 1467 418 1534 pestate
452 1451 750 1533 plurimos
795 1457 1092 1540 cujusque
1137 1453 1381 1539 generis
1423 1456 1711 1520 homines
1740 1457 1943 1520 adsci-

184 1537 354 1600 visse
383 1536 648 1620 dicitur3
696 1542 984 1604 mulieres
1029 1543 1217 1607 etiam
1250 1540 1503 1622 aliquot,
1549 1563 1711 1624 quae
1736 1542 1943 1626 primo

185 1622 480 1708 ingentis
480 1639 721 1690 sumtus
747 1643 956 1710 stupro
985 1627 1257 1710 corporis
1285 1627 1733 1700 toleraverant-3
1764 1643 1941 1710 post,

183 1709 318 1770 dubi
367 1723 534 1772 actas
571 1713 1008 1776 tantummodo
1051 1711 1357 1795 quaestui,
1399 1734 1597 1792 neque
1637 1712 1947 1791 luxuriae,

183 1796 452 1858 modum
478 1795 742 1869 fecerat.
789 1817 894 1860 aes
921 1797 1191 1860 alienum
1235 1796 1489 1880 grande
1496 1797 1940 1860 conflaverant.

183 1902 300 1962 per
328 1898 430 1942 eas
459 1903 526 1944 se
557 1882 826 1946 Catilina
868 1883 1153 1946 credebat
1196 1903 1373 1966 posse
1418 1881 1671 1944 servitia
1690 1881 1944 1968 urbana

183 1953 536 2042 sollicitare,
580 1967 794 2030 urbem
840 1968 1191 2044 incendere,
1232 1967 1401 2032 viros
1444 1988 1657 2035 earum
1696 1971 1793 2031 vel
1834 1969 1943 2032 ad-

175 2053 448 2137 jungere
489 2051 632 2129 sibi,
677 2054 773 2115 vel
805 2053 1165 2119 interficere.
1492 2094 1501 2099 -

279 2137 490 2207 XXV.
545 2140 732 2201 SED
716 2162 778 2203 m
823 2141 919 2202 his
949 2157 1078 2205 erat
1122 2140 1508 2237 Sempronia,
1552 2162 1707 2222 quae
1748 2140 1945 2204 multa

173 2244 373 2305 saepe
403 2223 598 2286 virilis
630 2226 920 2289 audaciae
965 2225 1235 2287 facinora
1265 2224 1682 2288 commiserat.
1770 2227 1944 2289 Haec

186 2308 416 2371 mulier
443 2332 665 2392 genere
710 2327 889 2393 atque
916 2310 1137 2386 forma,
1184 2325 1492 2393 praeterea
1538 2312 1691 2385 tiro,
1734 2310 1946 2377 liberis

189 2394 338 2457 satis
362 2392 700 2465 fortunata:
731 2396 950 2458 litteris
973 2396 1235 2457 Graecis
1258 2412 1437 2477 atquc
1467 2394 1707 2458 Latinis
1723 2398 1941 2461 docta:

187 2479 467 2561 psallere,
512 2482 728 2541 saltare
775 2481 1130 2563 elegantius,
1176 2502 1361 2563 quam
1405 2502 1651 2543 necesse
1682 2496 1777 2543 est
1809 2503 1946 2564 pro-
1998 2483 2005 2494 '

189 2568 340 2627 bae·
387 2563 603 2645 ‘multa
627 2566 763 2641 alia,
807 2588 962 2649 quae
993 2565 1397 2629 instrumenta
1429 2566 1727 2629 luxuriae.
1820 2566 1947 2632 Sed

192 2651 252 2713 ei
287 2650 519 2715 cariora
561 2672 806 2735 semper
831 2652 1060 2728 omnia,
1105 2674 1292 2735 quam
1322 2654 1511 2713 decus
1555 2667 1737 2733 atque
1766 2654 1947 2735 pudi-

181 2733 338 2799 ‘citia
365 2736 514 2800 fuit.
554 2738 854 2822 pecuniae
885 2758 962 2801 an
991 2736 1193 2841 famae
1225 2738 1426 2801 minus
1452 2753 1748 2823 parceret,
1777 2738 1944 2808 haud

294 2897 315 2929 ς,

262 2995 286 3023 ²
313 2982 574 3035 Credebant.
611 2954 802 3038 Rather
814 2984 1044 3045 credebat,
1059 3002 1114 3037 as
1128 2984 1399 3035 connected
1416 2995 1467 3035 to
1482 2986 1736 3037 aeetuabat:
1752 2988 1944 3055 though

193 3048 416 3103 nobilitas
437 3055 597 3117 might
619 3052 881 3102 otherwise
917 3053 1074 3103 admit
1093 3069 1124 3101 a
1147 3054 1303 3117 plural
1326 3054 1455 3103 verb

197 3166 202 3171 .
263 3120 288 3156 b
316 3120 491 3168 Novm.
563 3121 612 3167 A
637 3134 749 3168 new
772 3135 908 3175 man,
931 3134 961 3167 a
981 3134 1159 3183 person
1185 3122 1301 3167 who
1324 3135 1430 3168 rose
1454 3122 1515 3183 by
1538 3124 1617 3171 his
1640 3136 1757 3171 own
1780 3121 1943 3181 merit,

196 3202 328 3289 pone
350 3185 410 3233 of
437 3188 606 3235 whose
629 3197 877 3239 ancestors
901 3186 1000 3235 had
1025 3184 1138 3233 held
1162 3202 1191 3233 a
1212 3187 1373 3235 curule
1398 3185 1549 3237 office.

265 3250 530 3301 eFaesulae.
592 3251 630 3299 F
635 3250 802 3310 aesulae
837 3268 868 3301 a
893 3264 1030 3300 town
1055 3250 1114 3301 of
1131 3252 1382 3315 Tuscany,
1417 3252 1636 3303 towards
1656 3254 1759 3303 the
1767 3254 1943 3321 Apen.

197 3318 316 3369 nine
339 3319 631 3367 mountains.
668 3367 676 3373 ,
705 3328 708 3333 “

257 3384 288 3420 d
307 3382 424 3431 Ubi
492 3385 619 3433 This
643 3384 780 3433 word
815 3386 854 3435 iz
891 3398 1024 3433 more
1051 3384 1323 3447 frequently
1346 3382 1463 3437 used
1497 3384 1575 3434 for
1600 3401 1712 3437 cum
1743 3387 1809 3451 by
1842 3385 1943 3437 this

194 3452 390 3509 author,
427 3452 548 3499 thau
571 3453 633 3513 by
655 3464 751 3513 any
775 3452 932 3499 other.

262 3526 286 3553 e
315 3514 485 3569 Multa
499 3516 624 3568 alia.
694 3518 862 3567 These
887 3515 1048 3567 words
1069 3532 1153 3565 are
1176 3514 1425 3581 governed
1448 3517 1511 3581 by
1532 3520 1682 3569 docta.

1040 3584 1102 3647 D
