2284 4150
341 109 348 146 l

323 267 429 326 228
607 271 612 276 ·
823 259 1200 349 SALLnsrn
1248 255 1623 322 emmim.

347 390 596 457 misisse
637 390 732 460 ad.
749 412 888 456 eam
935 389 1417 468 multitudinem,
1456 395 1641 474 quam
1673 390 1773 470 ad,
1790 388 2109 474 capiunda

343 499 516 541 arma
543 479 898 576 paraveram
949 476 1285 540 itemalios
1328 477 1391 540 in
1421 477 1537 540 alia
1562 477 1695 539 loca
1740 487 2108 560 opportuna,

345 563 454 646 qui
486 561 731 626 initium
759 563 900 627 belli
931 561 1231 636 facerent3
1262 585 1453 646 seque
1480 565 1560 627 ad
1592 564 1933 626 exercitum
1964 583 2108 644 pro·

345 649 548 716 ficisci
565 670 808 731 cupere,
833 650 884 711 si
903 647 1074 731 prius
1096 647 1467 718 Ciceronem
1490 649 1923 732 oppressisset·
1939 669 2107 710 eum

334 735 477 810 ,suis
509 734 776 796 consiliis
806 737 1072 803 multum
1111 733 1456 799 ‘obficerefi
2038 747 2051 784 “>

436 821 758 884 XXVIII.
809 822 1084 897 Iol-run,
1115 820 1456 903 perterritis
1478 841 1549 883 ac
1571 818 2111 886 dubitantibusce·

338 908 520 982 'tei-is,
565 905 641 967 C.
677 905 1022 980 Corneliu3‚
1051 928 1240 988 eques
1272 905 1615 982 Romanus,
1641 925 1891 989 operam
1924 919 2108 970 suam

309 1031 313 1034 -
345 993 682 1090 pollicitus,
717 1007 778 1054 et
805 1014 946 1056 cum
979 1013 1056 1053 eo
1085 993 1163 1054 L.
1196 991 1639 1074 Vargunteius,
1668 1005 1931 1066 senator,
1960 1015 2109 1054 eon-

340 1077 606 1143 ‘stituere
637 1100 710 1140 ea
738 1093 912 1141 nocte
944 1078 1144 1160 paullo
1170 1087 1351 1178 {¹post,
1380 1099 1523 1140 cum
1552 1078 1801 1142 armatis
1832 1077 2109 1142 homini.

345 1165 506 1265 buti,-
537 1163 718 1244 sicuti
765 1166 1113 1239 salutatum,
1170 1162 1421 1227 introire
1466 1167 1545 1226 ad
1594 1165 1985 1240 Ciceronem,
2024 1183 2107 1228 ac

347 1253 432 1316 de
489 1251 828 1333 improviso
885 1249 1058 1311 domi
1117 1271 1262 1315 suae
1320 1249 1685 1332 imparatum
1744 1211 2101 1312 confodere.

345 1337 602 1413 CuriuS,
633 1337 738 1403 ubi
760 1333 1088 1418 intellegit
1115 1350 1410 1418 quantum
1440 1335 1693 1418 periculi
1720 1334 2001 1396 consuli
1985 1357 2107 1398 im-

343 1424 632 1521 pendeat,
655 1443 910 1506 propere
927 1443 1036 1504 per
1065 1421 1372 1497 Fulviam,
1396 1423 1607 1484 dolum
1628 1421 1733 1504 qui
1760 1423 2107 1502 parabatur,

346 1508 654 1570 enunciat.
745 1509 839 1568 Ita
879 1507 1001 1582 illi,
1025 1509 1217 1590 janna
1246 1499 1554 1588 prohibiti,
1597 1522 1832 1569 tantum
1863 1505 2106 1572 facinus

305 1643 308 1646 .
345 1592 576 1657 frustra
626 1594 1032 1674 susceperant.
1125 1593 1367 1654 Interea
1412 1591 1693 1655 Manlius
1732 1593 1800 1654 in
1848 1591 2109 1660 Etruria

300 1681 586 1764 plebem
623 1678 980 1756 sollicitare,
1023 1693 1295 1762 egestate
1341 1678 1549 1757 simul,
1594 1701 1665 1742 ac
1694 1678 1955 1742 dolore
1942 1681 2109 1764 mju-

337 1766 496 1840 riae,
536 1785 838 1826 novarum
867 1785 1074 1826 rerum
1105 1764 1413 1844 cupidam,
1444 1767 1631 1864 quod,
1662 1763 1868 1832 Sullae
1898 1766 2105 1838 dorni..

343 1850 621 1926 natione,
663 1870 844 1932 agros
869 1852 1149 1932 bonaque
1177 1849 1387 1911 omnia
1414 1851 1739 1920 amiserat;
1787 1866 2105 1932 praeterea

343 1937 618 1998 latrones
660 1936 958 2018 cujusque
1005 1937 1269 2019 generis,
1312 1957 1585 2018 quorum
1622 1935 1686 1997 in
1732 1957 1803 1998 ea
1847 1937 2107 2020 regione

345 2043 576 2105 magna
620 2021 794 2104 copia
826 2035 988 2095 erat;
1033 2022 1353 2084 nonnullos
1383 2045 1460 2083 ex
1494 2021 1797 2084 wSullanis
1845 2023 2101 2102 colonis,

343 2110 570 2193 quibus
597 2108 810 2171 lubido
839 2123 1022 2193 atque
1047 2109 1291 2171 luxuria
1319 2129 1397 2173 ex
1426 2107 1664 2194 magnis
1694 2107 1918 2193 rapinis
1940 2110 2102 2173 nihil

346 2217 384 2257 τι
387 2195 576 2277 eliqui
604 2195 889 2258 fecerant.

434 2280 682 2342 XXIX.
731 2280 843 2342 EA
889 2302 1032 2343 cum
1079 2280 1371 2343 Ciceroni
1414 2256 1867 2359 nunciarentur,
1912 2282 2105 2345 '‘anci«

297 2390 313 2399 ·
345 2366 464 2453 piti
496 2366 658 2433 malo
687 2382 1024 2448 permotus,
1069 2369 1240 2449 quod
1268 2388 1467 2472 neque
1498 2370 1713 2431 urbem
1742 2370 1817 2431 ab
1858 2368 2100 2439 insidiis

348 2454 591 2537 privato
621 2452 878 2517 consilio
921 2454 1167 2536 longius
1196 2454 1354 2516 tueri
1399 2457 1655 2536 poterat,
1699 2476 1895 2537 neque
1927 2474 2105 2517 exer·

347 2538 508 2602 citus
557 2534 782 2599 Manlii
814 2557 1098 2620 quantuS,
1141 2554 1247 2601 aut
1294 2562 1417 2621 quo
1446 2540 1699 2603 consilio
1733 2538 1911 2615 soret,
1956 2540 2105 2603 satis

347 2638 734 2709 compertum
767 2624 1044 2704 habebat,
1085 2634 1251 2687 yrem
1280 2626 1363 2687 ad
1406 2640 1689 2689 senatum
1716 2624 1925 2705 refert,
1960 2627 2099 2711 jam

413 2840 432 2871 ²
466 2830 683 2898 Offwe.
751 2832 839 2883 An
861 2833 1104 2883 archaism
1133 2830 1208 2881 for
1226 2830 1419 2947 ἕῄῖσενε.

411 2908 441 2950 ,¹1
461 2899 588 2948 Post.
659 2901 708 2949 A
731 2900 1031 2965 preposition
1057 2899 1173 2947 used
1194 2916 1224 2947 a
1292 2899 1491 2962 erbially
1513 2900 1578 2962 by
1601 2898 1838 2963 enallage.

408 2976 439 3003 v
461 2965 710 3030 Intellegit.
781 2968 868 3013 An
907 2968 1151 3015 archaism
1188 2964 1267 3014 for
1304 2965 1563 3031 intelligit.-
1608 2968 1723 3015 thus
1759 2966 1813 3013 in
1848 2968 1935 3015 the
1979 2977 2103 3018 next

355 2983 1076 3147 ὡξῐξιῗίἳαέἴεέυἷὲτξὶὲηἰεέὴε
1110 3096 1311 3147 soldiers
1334 3096 1395 3146 of
1423 3097 1457 3145 S
1460 3098 1557 3161 ylla
1590 3096 1765 3148 settled
1790 3114 1845 3149 as
1866 3098 2103 3151 colonists

347 3176 416 3210 on
435 3164 521 3211 the
541 3162 683 3213 lands
703 3162 764 3211 of
789 3164 874 3211 the
908 3164 1151 3226 Tuscans‚
1186 3166 1303 3213 who
1324 3162 1424 3216 had
1445 3114 1705 3215 eymbraced
1732 3166 1821 3214 the
1853 3176 1998 3230 party
2032 3166 2099 3215 of

348 3227 668 3371 Mirjffcipiti
702 3296 854 3349 malo.
935 3296 1014 3361 By
1053 3298 1139 3345 the
1176 3294 1349 3347 double
1382 3294 1586 3361 danger,
1620 3298 1739 3346 both
1780 3296 1961 3347 within
1996 3298 2101 3350 aud

345 3376 398 3409 w
402 3360 560 3409 ithout
581 3365 666 3409 the
691 3364 802 3425 city.

411 3436 440 3478 7
462 3427 592 3491 Rem
613 3426 679 3475 ad
694 3440 911 3480 senatum,
933 3426 1089 3495 rofi-rt.
1152 3431 1263 3492 Lay
1266 3445 1289 3477 s
1307 3431 1392 3476 the
1410 3440 1585 3477 matter
1605 3428 1771 3479 before
1794 3430 1879 3477 the
1901 3439 2090 3488 senate,

341 3506 576 3559 proposes
596 3493 636 3543 it
657 3503 710 3545 to
731 3497 814 3545 the
831 3506 1011 3547 senate.
1047 3446 1263 3561 Referrey
1260 3495 1457 3553 senatui,
1483 3505 1533 3545 to
1551 3495 1700 3546 relate
1722 3506 1774 3545 to
1791 3498 1875 3545 the
1898 3505 2090 3547 senate

1212 4114 1419 4121 .-.—--·——.-—
1441 4116 1649 4121 ——d-b-—‚
