2284 4150
1950 259 1977 267 Q

345 317 432 376 6⁸
817 307 1193 372 Sumam
1242 301 1621 371 Curuus.

345 463 490 508 rum
531 437 718 506 fortia
756 457 1048 508 noverat:
1107 465 1184 506 ea
1224 439 1774 506 commemorando
1818 439 2105 510 militum

345 527 590 594 animos
617 527 1002 594 accendebat.
1057 577 1064 582 -

434 615 580 680 Lx.
613 611 751 678 SED
771 614 898 692 ubi,
925 616 1106 680 rebus
1121 615 1411 680 omnibus
1434 613 1785 698 exploratis,
1815 613 2111 680 Petreius

349 701 496 768 tuba
513 701 770 799 siguum
795 701 924 778 dat,
951 701 1223 766 cohortis
1238 699 1561 801 paullatim
1584 699 1871 762 incedere
1884 699 2109 783 jubet:

353 786 526 850 idem
553 784 702 850 facit
737 785 1012 850 hostium
1055 787 1379 850 exercitus.
1470 787 1807 868 Postquam
1854 807 1934 846 eo
1962 807 2117 848 ven-

351 886 513 947 tum,
555 873 720 936 unde
749 895 788 936 a
829 871 1177 936 ferentariis
1204 873 1529 972 praelium·
1546 870 1851 935 committi
1880 885 2117 952 posset,

357 978 656 1027 maxumo
685 958 970 1034 clamore,
1013 969 1185 1022 ¹‘cum
1214 957 1453 1021 infestis
1481 956 1675 1041 signis
1704 972 2115 1028 concurrunt,
2098 983 2113 994 ·

355 1043 481 1126 pila
505 1043 830 1108 omittunt·
813 1089 832 1118 ‚
877 1043 1098 1128 gladiis
1128 1065 1229 1107 res
1256 1043 1505 1128 geritur·
1596 1041 1919 1116 Veterani,
1962 1041 2119 1124 pris-

355 1127 538 1196 tinae.
562 1128 804 1194 virtutis
847 1151 1179 1206 memores,
1226 1129 1575 1194 comminus
1600 1127 1824 1192 acriter
1852 1127 2119 1202 instare;

361 1215 451 1278 illi
503 1215 671 1280 haud
713 1215 922 1278 timidi
971 1217 1297 1282 resistunt.
1365 1235 1653 1278 maxuma
1704 1213 1771 1276 vi
1826 1228 2119 1278 certatur.

361 1303 609 1368 Interea
651 1301 914 1366 Catilina
959 1323 1102 1366 cum
1141 1301 1445 1384 expeditis
1488 1302 1551 1364 in
1580 1299 1781 1383 prima
1822 1299 1957 1362 acie
1984 1319 2121 1364 ver-

361 1388 508 1468 sari,
547 1388 956 1452 laborantibus
999 1409 1379 1463 succurrere,
1424 1387 1695 1470 integros
1738 1407 1851 1468 pro
1894 1385 2118 1448 sauciis

365 1489 734 1547 ⁰arcessere;
765 1475 976 1536 omnia
995 1473 1353 1554 providere;
1385 1472 1689 1534 multum
1675 1492 1803 1554 ipse
1826 1493 2120 1554 pugnare,

365 1579 547 1642 saepe
575 1558 824 1620 hostem
852 1556 1075 1620 ferire.
1084 1557 1354 1623 strenui
1384 1557 1622 1634 militis,
1662 1571 1723 1620 et
1752 1557 1943 1619 boni
1927 1578 2122 1639 tmpe-

364 1643 584 1708 tatoris
629 1636 824 1706 officia
867 1643 1052 1706 simul
1097 1644 1561 1727 exsequebatur.
1652 1635 1958 1719 Petreius,
2002 1643 2118 1706 ubi

363 1730 538 1798 videt
583 1729 934 1804 Catilinam,
998 1727 1207 1792 co'ntra
1252 1751 1321 1792 ac
1366 1744 1531 1794 ratus
1578 1743 1727 1802 erat,
1790 1751 2015 1812 magna
2057 1729 2119 1792 vi

366 1817 644 1890 tendere,
691 1813 1008 1876 cohortem
1041 1815 1410 1898 praetoriam
1440 1815 1503 1876 in
1538 1813 1783 1878 medios
1808 1814 2049 1878 hostis
2032 1837 2121 1876 m·

371 1900 582 1972 ducit;
627 1919 733 1960 eos
777 1899 1156 1978 perturbatos
1184 1917 1365 1983 atque
1406 1899 1557 1963 alios
1586 1899 1729 1962 alibi
1772 1898 2119 1962 resistentes

371 1986 690 2058 interficit3
719 1984 944 2046 deinde
972 1986 1279 2084 utrimque
1307 2007 1385 2046 ex
1408 1986 1695 2048 lateribus
1720 1985 2120 2068 Padgreditur.

375 2073 660 2137 Manlius
689 2086 751 2135 et
777 2069 1189 2133 Faesulanus
1176 2093 1239 2133 m
1272 2070 1487 2153 primis
1516 2086 1850 2153 pugnantes
1880 2069 2119 2135 cadunt.

385 2160 727 2243 Postquam
757 2156 922 2218 fusas
952 2156 1178 2239 copias,
1222 2178 1409 2239 seque
1440 2178 1579 2219 cum
1612 2156 1841 2255 paucis·
1846 2157 2121 2219 relictum

379 2245 553 2309 videt
583 2242 866 2315 Catilina,
913 2262 1154 2305 memor
1181 2242 1424 2326 generis
1467 2256 1649 2323 atque
1674 2240 1966 2325 pristinae
1994 2240 2124 2325 dig-

378 2328 609 2404 nitatis,
658 2328 748 2390 ‘lin
793 2326 1297 2393 confertissumos
1341 2328 1550 2391 hostes
1596 2326 1867 2405 incurrit,
1923 2326 2121 2409 ibique

383 2437 660 2503 pugnans
688 2411 1052 2476 confoditur.

475 2500 654 2563 LXI.
705 2500 864 2573 SED,
893 2498 1170 2561 confecto
1195 2499 1445 2598 praelio,
1492 2511 1625 2561 tum
1654 2519 1803 2561 vero
1833 2520 2127 2574 cernere5‚

382 2600 609 2671 quanta
637 2584 910 2659 audacia,
955 2600 1299 2667 quantaque
1336 2584 1523 2646 animi
1553 2584 1647 2647 vis
1689 2583 1950 2646 fuisset
1936 2606 1999 2647 m
2028 2606 2125 2647 ex·

389 2673 586 2733 ercitu
619 2670 938 2731 Catilinae.
1030 2670 1203 2729 Nam
1248 2668 1401 2745 fere,
1442 2691 1631 2751 quem
1676 2669 1959 2768 quisque
1962 2682 2129 2753 pug-

389 2756 594 2819 nando
617 2754 824 2815 locum
853 2768 1116 2837 ceperat,
1165 2774 1334 2833 eum,
1378 2755 1603 2817 amissa
1630 2755 1858 2833 anima,
1886 2776 2131 2839 corpore

455 2950 484 2979 ¹2
512 2939 650 2988 acm.
719 2936 849 2985 This
870 2936 1173 2999 preposition
1188 2934 1467 2999 desig-nates
1487 2938 1569 2985 the
1593 2935 1715 3000 style
1738 2934 1837 2985 and
1858 2950 2064 2985 manner
2082 2936 2137 2985 of

391 3004 606 3057 Sallust,
595 3022 605 3032 ·
643 3004 832 3065 though
857 3001 894 3047 it
916 3004 956 3048 is
979 3004 1094 3049 here
1119 3018 1459 3063 unnecessary.

461 3080 488 3105 0
515 3068 766 3115 Arceseere.
835 3066 898 3114 In
921 3080 1055 3115 some
1088 3070 1229 3117 other
1258 3067 1469 3117 edition-s
1498 3084 1743 3125 arcerem,
1778 3068 1947 3131 which
1980 3070 2026 3119 is
2045 3070 2136 3119 less

321 3204 325 3206 ’
390 3146 552 3247 puppe
517 3148 591 3245 Af!
581 3196 800 3263 greditnr.
855 3196 1034 3248 Before
1057 3200 1224 3247 which
1248 3199 1301 3247 in
1322 3214 1456 3249 some
1478 3198 1689 3251 editions
1709 3201 1750 3251 is
1774 3198 1929 3249 found
1946 3211 2136 3257 ceteros,-

397 3264 514 3317 but‘
505 3276 542 3311 it
561 3280 603 3313 is
626 3274 712 3313 not
735 3265 999 3325 absolutely
1023 3278 1297 3327 necessary.

398 3328 576 3447 esst?
599 3328 976 3396 corffertiaeeumoe
994 3328 1439 3387 hostee,&c.11e
1472 3334 1645 3382 rushes
1676 3334 1781 3381 into
1810 3333 1897 3381 the
1930 3330 2139 3381 thickest

543 3408 574 3441 e
594 3410 770 3457 enemy

465 3470 488 3497 ι·
521 3459 784 3525 Pugnando.
853 3460 916 3511 In
945 3464 1088 3511 other
1108 3462 1321 3516 editions
1340 3464 1475 3515 eim
1494 3463 1757 3533 pugnmulo.
1822 3466 1966 3519 Vim
1988 3478 2139 3516 scens

407 3538 732 3592 unnecessary
753 3536 806 3577 to
826 3528 912 3579 the
933 3538 1094 3581 sense.
