2284 4150
1662 175 1689 190 ὁ

415 301 538 360 120
881 287 1261 355 sumn-n
1289 289 1681 373 Josmrmt.
1776 359 1781 367 ,

405 429 584 498 milia
604 425 922 511 rogatione
947 441 1072 490 tres
1091 426 1497 509 'quaesitores
1522 433 1913 508 rogarentur,
1940 422 2181 488 enece-

407 531 525 593 rat,
553 517 643 579 uti
663 514 796 597 ipse
825 515 887 576 in
909 535 986 577 eo
1003 533 1267 577 numero
1288 524 1613 576 crearemr.
1692 509 1827 574 -Sed
1840 510 2173 593 'quaestio

409 602 676 670 exercita
703 621 916 686 aspere
941 599 1359 682 violenterque
1388 620 1469 661 ex
1492 617 1762 675 rumore,
1790 609 1853 660 et
1880 596 2169 660 lubidine

407 689 600 778 plebis
621 711 638 750 t
687 703 756 752 ut
777 709 956 774 saepe
981 685 1386 765 nobilitatem,
1428 685 1517 748 sic
1542 703 1619 747 ea
1640 697 2017 766 tempestate
2046 685 2169 767 ple-

407 779 551 844 bem
579 795 660 838 ex
687 777 971 840 secundis
997 774 1181 836 rebus
1210 771 1527 836 insolentia
1552 783 1811 854 ceperat.

497 861 680 926 XLI.
729 861 1078 926 Cim-mum
1103 879 1241 922 mos
1268 861 1535 942 partium
1560 855 1949 940 popularium
1976 869 2049 919 et
2068 877 2167 920 se-

403 950 529 1014 nati
545 947 900 1024 factionum,
923 968 998 1011 ac
1023 946 1253 1009 deinde
1274 947 1557 1008 omnium
1582 943 1884 1006 malarum
1910 942 2163 1020 artium,

401 1033 614 1120 paucis
639 1047 778 1097 ante
805 1033 978 1096 annis
1009 1032 1251 1094 Romae
1294 1046 1488 1108 ortus,
1529 1031 1663 1093 otio
1690 1043 1753 1090 et
1787 1029 2163 1104 ‚abundantia

405 1141 619 1186 carum
647 1139 879 1195 rerum,
904 1139 1060 1202 quae
1085 1121 1285 1204 prima
1310 1117 1603 1180 mortales
1626 1117 1883 1180 ducunt.
1962 1117 2160 1197 Nam,
2248 1171 2250 1200 ,

403 1221 544 1274 ante
575 1205 1012 1290 Carthaginem
1041 1207 1329 1280 deletam,
1372 1203 1631 1288 populns
1658 1215 1721 1264 et
1750 1217 2001 1266 senatus
2030 1205 2159 1268 Ro-
2248 1209 2250 1222 '

403 1315 622 1360 manus
667 1292 904 1378 placide
945 1294 1351 1375 modesteque
1395 1292 1555 1352 inter
1596 1310 1665 1352 se
1710 1289 2155 1372 rempublicam

393 1381 761 1446 tractabant=
810 1400 1008 1462 neque
1037 1377 1289 1463 gloriae,
1334 1397 1536 1460 neque
1564 1375 2007 1439 dominationis
2036 1398 2154 1440 cer-

397 1481 606 1530 tamen
631 1468 792 1529 inter
819 1465 972 1528 civis
999 1479 1163 1528 eratt
1211 1477 1415 1527 metus
1436 1461 1675 1525 hostilis
1700 1463 1765 1524 in
1808 1463 1987 1525 bonis
2016 1463 2153 1526 arti·

393 1551 511 1614 bus
569 1552 879 1613 civitatem
933 1551 1246 1611 retinebat.
1352 1551 1501 1622 Sed,
1562 1548 1667 1610 ubi
1722 1549 1825 1610 illa
1876 1547 2151 1613 formido

391 1636 704 1701 mentibus
747 1633 1066 1710 dhcessin
1107 1635 1345 1698 scilicet
1370 1656 1465 1710 ea,
1508 1655 1664 1718 quae
1706 1637 2017 1699 secundae
2058 1657 2152 1700 res

397 1739 623 1801 amant,
651 1720 902 1786 lascivia
925 1737 1104 1804 atque
1129 1722 1411 1806 superbia
1434 1723 1761 1784 incessere.
1838 1721 1957 1798 Ita,
1983 1725 2150 1806 quod

393 1811 459 1874 in
477 1808 756 1872 advorsis
773 1809 951 1870 rebus
967 1823 1341 1893 optaverant,
1363 1807 1582 1883 otium,
1602 1821 1931 1890 postquam
1946 1811 2151 1893 adepti

393 1906 553 1966 sunt,
590 1892 889 1976 *asperius
917 1894 1315 1977 acerbiusque
1337 1893 1475 1958 fuit.
1567 1895 1862 1976 Namque
1890 1915 2169 1982 coepere.

393 1977 674 2044 nobilitas
701 1979 1114 2061 ³dignitatem,
1162 1981 1425 2062 populus
1452 1980 1795 2044 libertatem
1838 1981 1902 2043 in
1932 1980 2149 2046 lubidi-

392 2086 537 2132 nem
567 2080 840 2131 vertere:
888 2065 1001 2129 sibi
1035 2067 1297 2149 quisque
1326 2068 1575 2144 ducere,
1614 2067 1881 2147 trahere,
1908 2090 2140 2152 rapere.

394 2156 489 2218 Ita
517 2152 726 2216 omnia
749 2153 810 2215 in
841 2154 996 2216 duas
1023 2154 1211 2236 partis
1238 2154 1536 2217 abstracta-
1560 2168 1741 2229 sunt;
1784 2157 2147 2238 respublica,

385 2258 550 2323 quae
589 2240 797 2301 media
823 2238 1042 2315 suerat,
1085 2240 1430 2303 dilacerata.
1520 2239 1819 2303 Ceterum
1862 2241 2145 2305 nobilitas

385 2322 653 2390 factione
709 2325 908 2409 magis
951 2326 1249 2408 pollebam
1315 2325 1505 2408 plebis
1550 2326 1647 2387 vis
1694 2326 1918 2391 ²soluta
1960 2343 2143 2411 atque

393 2412 713 2497 ‘dispersffi
739 2410 804 2474 in
831 2412 1243 2489 multitudine,
1272 2412 1477 2475 minus
1504 2426 1773 2496 poterat:
1804 2420 2141 2497 paucorum

455 2583 486 2611 v„
509 2571 800 2641 Qaeeitoree.
854 2572 1030 2623 Comm
1038 2574 1269 2624 issioners
1292 2584 1345 2622 to
1366 2573 1553 2639 inquire
1574 2576 1684 2625 into
1702 2578 1787 2625 the
1808 2579 2035 2642 charges,
2054 2578 2135 2627 &e

455 2650 492 2676 w
509 2640 716 2707 Ques-tio
731 2642 953 2691 exercita.
1022 2642 1134 2690 The
1160 2642 1480 2689 commission
1512 2658 1618 2692 was
1650 2642 1918 2697 executed;
1957 2647 2042 2693 the
2066 2648 2137 2693 in-

388 2704 962 2833 quira'vss'soconduffied.
1033 2706 1496 2837 {kothezegdition‘si
1506 2710 1746 2773 questione
1765 2710 2024 2826 enee-reita.d
2046 2778 2079 2827 b

453 2778 482 2805 κ
648 2786 720 2819 aus
742 2786 848 2819 acer
895 2786 1033 2835 usque
1117 2782 1169 2820 ιε.
1376 2788 1459 2823 uec
1526 2790 1661 2823 more
1682 2790 1738 2825 as
1804 2776 1843 2823 ri
1922 2792 1991 2825 an
2080 2779 2135 2827 it·

388 2842 578 2885 terness
599 2852 782 2902 among
803 2840 888 2885 the
909 2836 1130 2889 citizens.
1738 2792 1801 2841 pe
1846 2789 1900 2839 ty

449 2914 478 2954 y
501 2903 830 2971 Dignitatem,
863 2905 948 2955 8ιο.
1017 2906 1230 2956 various
1261 2905 1425 2957 words
1447 2908 1498 2955 in
1531 2909 1617 2962 the
1644 2908 1853 2972 English
1890 2910 2137 2975 lang-uage

381 2982 512 3020 must
535 2974 595 3019 be
617 2970 873 3034 employed
912 2983 964 3019 to
995 2986 1199 3035 express
1220 2975 1304 3020 the
1338 2976 1533 3022 various
1568 2975 1747 3024 shades
1788 2975 1850 3024 of
1874 2979 2133 3026 character

381 3034 593 3085 denoted
615 3038 680 3096 by
703 3038 787 3084 the
807 3037 1009 3097 general
1033 3038 1188 3085 Latin
1211 3050 1336 3087 term
1358 3038 1511 3089 libido.
1583 3041 1642 3088 In
1656 3044 1767 3089 this
1790 3054 2042 3099 sentence,
2078 3057 2133 3091 as

380 3099 651 3149 connected
675 3100 799 3148 with
821 3098 1121 3167 dignitatem,
1158 3104 1197 3151 it
1220 3108 1313 3153 has
1348 3120 1442 3153 one
1465 3106 1783 3171 application‚
1821 3106 1940 3165 and,
1974 3124 2031 3157 as
2061 3120 2132 3157 at·

381 3165 560 3215 tached
593 3178 644 3216 to
674 3165 960 3222 libmatem.
997 3169 1217 3221 another.
1292 3170 1602 3236 Dignitatem
1631 3174 1681 3221 in
1710 3172 1965 3236 lubidinem
1987 3186 2131 3223 ver-te·

378 3246 448 3288 re,
482 3243 535 3280 to
553 3244 757 3285 convert
779 3234 907 3281 their
939 3234 1061 3297 high
1097 3234 1221 3283 rank
1248 3236 1351 3284 into
1375 3254 1405 3285 a
1439 3252 1600 3295 mean,
1635 3254 1691 3288 or
1726 3240 2017 3289 instrument
2056 3240 2133 3289 for

380 3297 467 3345 the
487 3300 818 3361 gratification
844 3298 905 3348 of
932 3302 1060 3349 their
1085 3301 1347 3364 passionem
1383 3303 1654 3355 libertatem
1673 3306 1728 3354 in
1750 3305 2009 3357 lubidinem
2028 3324 2131 3356 oer-

377 3372 490 3420 oem,
521 3376 578 3413 to
609 3378 812 3417 convert
834 3368 963 3417 their
982 3367 1157 3429 liberty
1182 3370 1285 3416 into
1296 3354 1692 3423 licentiousness.

444 3438 470 3465 2
495 3430 671 3481 Saluta.
697 3490 702 3495 ,
743 3436 923 3492 Loose,
957 3434 1298 3493 uncemented,
1335 3446 1423 3485 not
1451 3435 1621 3487 bound
1654 3454 1714 3488 or
1744 3438 2030 3507 compacted
2064 3442 2132 3506 by

375 3502 410 3546 t
429 3508 657 3544 common
681 3498 896 3547 interest.

333 3590 347 3599 -
444 3568 468 3598 ⁸
492 3560 745 3626 Dispersa,
777 3563 867 3613 &c
952 3564 1015 3615 ln
1059 3580 1197 3621 some
1217 3568 1450 3621 'editions
1478 3564 1690 3638 dispereo
1728 3574 1777 3623 in
1818 3570 2133 3633 mett-adim,

2232 3966 2237 4133 ι
