2284 4150
556 399 566 404 ‚
625 323 1000 388 sumtum
1029 304 1436 406 Juotm'rus.
1788 333 1913 390 123

149 461 442 528 diffidens
483 459 680 523 veteri
707 447 1026 536 exercitui,
1073 459 1306 521 milites
1350 457 1637 538 scribere,
1676 463 1909 542 praesi-

146 548 262 612 dia
289 550 560 631 undique
589 567 932 610 arcessere:
964 566 1155 622 arma,
1180 547 1323 621 tela,
1354 567 1568 628 equos,
1592 561 1793 609 cetera
1822 548 1913 611 in-

143 647 490 698 strumenta
517 633 774 696 militiae
788 653 1042 717 parare:
1074 633 1154 694 ad
1185 631 1303 695 hoc
1328 647 1747 696 commeatum
1773 635 1915 698 affa-

143 721 312 784 tim.
357 720 628 802 denique
675 718 908 794 omnia,
955 737 1122 801 quae
1137 718 1327 780 ’bello
1370 717 1543 780 vario
1587 733 1651 783 et
1694 720 1915 784 multa·

141 827 292 869 rum
323 827 532 868 rerum
576 803 782 904 egenti
829 803 966 867 usui
1013 823 1147 866 esse
1196 803 1412 867 solent.
1506 804 1801 869 Ceterum
1835 807 1919 870 ad

141 915 224 956 ea
253 894 546 977 patranda
575 889 768 954 senati
793 891 1153 954 auctoritate
1182 891 1336 952 socii
1360 905 1712 975 nomenque
1744 892 1918 956 Lati·

138 999 326 1054 num,
359 1000 538 1062 reges
567 981 726 1042 ultro
755 975 980 1040 auxilia
1003 976 1319 1040 pmittere.
1345 992 1681 1061 postremo
1710 979 1917 1043 omnis

141 1065 369 1129 civitas
425 1085 674 1128 summo
729 1063 938 1126 studio
995 1063 1401 1127 adnitebatur.
1532 1065 1773 1148 Itaque,
1836 1087 1919 1130 ex

145 1152 457 1215 sententia
483 1149 775 1212 omnibus
806 1150 989 1210 rebus
1031 1149 1261 1230 paratis
1306 1151 1807 1248 compositisque,
1852 1152 1920 1215 in

149 1234 542 1301 Numidiam
585 1234 1010 1318 proficiscitur,
1053 1253 1277 1315 magna
1308 1257 1419 1318 spe
1464 1234 1722 1310 civium,
1772 1257 1918 1302 cum

141 1337 406 1425 propter
429 1324 618 1384 bonas
647 1321 816 1394 artis,
859 1333 996 1383 tum
1025 1339 1339 1398 maxume,
1383 1321 1553 1406 quod
1583 1321 1919 1388 advorsum

141 1408 407 1474 divitias
433 1407 712 1470 animum
745 1405 1046 1468 invictum
1074 1408 1361 1488 gerebam
1412 1423 1475 1470 et
1500 1407 1756 1470 avaritia
1787 1431 1917 1472 ma.

143 1496 521 1579 gistratuum
549 1508 690 1557 ante
719 1491 786 1556 id
816 1506 1060 1576 tempus
1087 1491 1153 1552 in
1180 1491 1491 1556 Numidia
1504 1505 1748 1558 nostrae
1768 1516 1919 1581 opes

145 1597 468 1655 contusae,
509 1579 906 1662 hostiumque
935 1591 1147 1642 auctae
1174 1594 1367 1643 erant.
1974 1653 1979 1661 ⁴

244 1666 497 1730 XLIV.
557 1667 726 1740 sno,
769 1663 876 1724 ubi
923 1664 986 1724 in
1034 1661 1324 1728 Africam
1368 1668 1561 1744 venit,
1606 1670 1917 1734 exercitus

145 1752 216 1816 ei
245 1750 509 1816 traditur
534 1751 674 1832 ¹isp.
709 1747 930 1810 Albini
957 1766 1068 1830 pro
1095 1750 1413 1828 consule,
1397 1771 1581 1826 mers,
1628 1752 1920 1831 imbellis,

147 1857 358 1920 neque
387 1835 667 1920 periculi,
695 1853 898 1916 neque
925 1833 1149 1896 laboris
1178 1837 1435 1917 patiens,
1472 1835 1703 1922 lingua,
1732 1859 1921 1922 quam

149 1943 372 1999 manu,
400 1921 722 2020 promtior,
749 1921 1074 2002 praedator
1097 1941 1181 1982 ex
1206 1921 1415 1999 sociis,
1444 1938 1507 1986 et
1536 1923 1665 2006 ipse
1690 1927 1924 2007 praeda

155 2009 466 2087 hostium,
510 2005 640 2069 sine
681 2003 968 2089 rimperio
1013 2019 1076 2068 et
1119 2008 1427 2073 modestia
1469 2009 1733 2074 habitus.
1827 2012 1924 2078 lta

153 2094 518 2179 imperatori
544 2114 710 2157 novo
743 2094 880 2177 plus
909 2114 992 2157 ex
1019 2092 1199 2157 malis
1246 2094 1521 2158 moribus
1564 2096 1925 2158 sollicitudi-

153 2182 283 2258 nis,
325 2200 513 2263 quam
541 2201 624 2243 ex
649 2179 826 2262 copia
861 2178 1128 2241 militum
1157 2181 1393 2255 auxilii,
1436 2194 1541 2243 aut
1567 2180 1695 2261 spei
1727 2182 1922 2245 bonae

154 2268 508 2331 accedebat.
611 2264 836 2329 Statuit
891 2276 1098 2325 tamen
1162 2264 1483 2340 Metellus,
1544 2286 1923 2349 quamquam

155 2368 222 2416 et
259 2350 473 2417 ‘aestiv
474 2372 655 2415 orum
685 2364 932 2431 tempus
959 2348 1357 2412 comitiorum
1385 2370 1559 2413 mora
1594 2350 1923 2417 imminue.

149 2452 275 2511 rat,
320 2452 382 2499 et
409 2434 860 2533 exspectatione
890 2433 1092 2495 eventi
1127 2433 1360 2496 civium
1388 2435 1629 2497 animos
1658 2438 1922 2501 intentos
2018 2480 2035 2495 .
2080 2466 2087 2475 ·

148 2524 434 2608 putabat,
479 2542 602 2583 non
631 2516 804 2604 prius
833 2518 1058 2583 bellum
1095 2519 1442 2621 adtingere,
1475 2542 1687 2605 quam,
1731 2524 1925 2609 majo·
1948 2538 1955 2548 ·

150 2631 304 2675 rum
350 2607 694 2691 disciplina,
741 2606 971 2671 milites
1013 2606 1286 2669 laborare
1332 2608 1653 2691 coegisset.
1750 2609 1925 2675 Nam

159 2694 453 2769 Albinus,
504 2692 660 2757 Auli
687 2691 894 2756 fratris
925 2690 1353 2775 exercitusque
1390 2695 1561 2758 clade
1592 2696 1926 2777 perculsus,

155 2797 485 2864 postquam
529 2782 886 2844 decreverat
929 2799 1052 2840 non
1097 2780 1312 2861 egredi
1356 2780 1685 2864 provincia,
1738 2804 1927 2865 quan-

159 2885 300 2931 tum
355 2866 654 2951 temporis
707 2866 1080 2928 aestivorum
1146 2865 1229 2927 ‘in
1288 2866 1551 2948 imperio
1606 2867 1747 2945 fuit,
1804 2872 1927 2953 ple-

161 2974 428 3037 xumque
467 2952 698 3016 milites
741 2946 982 3015 stativis
1025 2950 1239 3014 castris
1281 2952 1575 3027 habebat·
1621 2952 1744 3014 nisi
1784 2975 1928 3019 cum

573 3047 604 3071 Ι

227 3133 255 3159 ⁰
282 3119 419 3173 Bello
437 3121 590 3171 vario
659 3119 719 3169 In
744 3134 879 3169 some
901 3116 1157 3167 editions'
1136 3135 1186 3165 m
1208 3116 1327 3166 bello
1346 3118 1501 3179 vario,
1536 3118 1635 3168 less
1656 3118 1919 3186 elegantly.

171 3191 210 3239 1'
211 3190 376 3240 arium
395 3186 574 3237 bellum
597 3192 768 3235 means
790 3201 822 3235 a
842 3186 1002 3249 compl
989 3186 1102 3233 icat
1106 3184 1169 3231 ed
1190 3200 1309 3233 war.

232 3254 633 3304 pMittere.1n
658 3268 794 3302 some
818 3250 1030 3300 editions
1052 3248 1292 3300 mittendo

237 3321 367 3426 :iS-
394 3320 566 3373 Albini.
635 3320 694 3369 ln
719 3334 854 3369 some
875 3320 1017 3367 other
1037 3318 1251 3366 editions
1272 3332 1305 3365 α
1329 3318 1407 3382 Sp.
1434 3314 1615 3367 Albino

321 3389 515 3451 mperio.
587 3386 696 3435 Sine
719 3386 926 3451 imperio
946 3384 1152 3432 denotes
1175 3385 1307 3439 here,
1343 3384 1553 3432 without
1574 3383 1845 3452 discipline.

234 3464 251 3491 Β
289 3454 610 3503 AEstivorum.
670 3452 750 3501 Of
770 3456 854 3513 the
879 3466 1094 3499 summer
1115 3449 1394 3513 campaign.

239 3531 254 3563 t
290 3521 352 3571 In
373 3516 705 3585 imperiofiait.
762 3519 824 3569 In
847 3518 1052 3583 imperio
1073 3529 1172 3563 esse
1195 3530 1299 3565 was
1322 3516 1568 3581 anciently
1592 3516 1710 3567 used
1732 3516 1813 3566 for
1834 3519 1931 3567 im·

63 3582 70 3589 ’
166 3598 249 3653 μη·
253 3589 357 3639 ium
379 3584 564 3647 habere,
599 3588 872 3652 imponite,-
908 3598 966 3635 so
987 3598 1097 3631 cum
1122 3581 1213 3632 telo
1231 3596 1331 3631 esse
1352 3581 1429 3633 for
1451 3582 1599 3635 telum
1622 3583 1803 3634 habere.
