2284 4150
681 295 1054 362 Sstzusrn
1087 291 1955 380 J'ucuarus.12s

185 421 378 498 mine
403 451 652 496 servum
681 449 786 498 aut
801 435 1165 518 jumentum
1192 433 1476 498 haberet.
1460 429 1519 470 ·’'
1566 431 1787 494 ceteris
1806 429 1967 498 darte

183 503 470 584 modum
495 517 817 584 statuisse.
866 535 1181 603 praeterea
1204 515 1599 582 ‘transvorsis
1643 515 1963 582 itineribus

183 604 486 688 quotidie
531 619 732 670 castra
777 625 1068 681 movere3
1103 605 1309 691 juxta,
1350 627 1421 668 ac
1450 605 1503 668 si
1548 604 1761 666 hostes
1790 604 1965 666 ades·

185 706 364 766 sent,
404 691 570 756 vallo
597 705 781 774 atque
811 691 976 762 fossa
1003 694 1271 767 munire,
1317 690 1557 775 vigilias
1586 690 1827 752 crebras
1853 709 1961 772 po-

183 797 374 854 nere,
417 793 482 838 et
509 777 640 876 ipse
683 799 830 842 cum
873 779 1088 861 legatis
1125 776 1508 842 ‘circumita
1557 776 1709 840 item
1752 776 1814 838 in
1856 796 1963 859 ag-

177 860 376 926 mine
419 862 482 924 in
514 863 730 944 primis
777 864 990 938 mode,
1037 865 1227 930 modo
1272 864 1335 928 in
1380 862 1733 946 postremis,
1772 882 1957 944 saepe

181 947 266 1012 in
313 947 524 1014 medio
548 949 792 1024 adesse,
835 971 912 1012 ne
939 951 1252 1034 quispiam
1276 950 1497 1014 ordine
1540 949 1958 1032 egrederetur,

176 1035 290 1098 uti
319 1055 466 1098 cum
493 1032 688 1118 signis
709 1034 1084 1120 ‘frequentes
1113 1038 1489 1114 incederent,
1536 1035 1715 1100 miles
1744 1035 1955 1098 cibum

171 1134 264 1184 et
289 1141 460 1184 arma
489 1135 771 1202 portaret.
863 1123 958 1184 Ita
988 1121 1367 1204 prohibendo
1402 1144 1437 1184 a
1464 1121 1705 1186 delictis
1735 1121 1957 1202 magis,

173 1227 386 1290 quam
415 1205 812 1281 vindicando,
853 1206 1195 1270 exercitum
1222 1207 1393 1270 brevi
1415 1206 1847 1270 ‘'confirmavit-

286 1290 536 1356 XLVI.
585 1292 899 1388 [ternans
929 1293 1255 1375 jugurtha,
1300 1293 1427 1367 ubi,
1468 1313 1627 1391 quae
1660 1291 1957 1354 Metellus

173 1377 435 1460 agebat,
489 1398 570 1440 ex
611 1375 853 1440 nunciis
911 1377 1181 1463 accepit3
1244 1379 1431 1441 simul
1474 1379 1555 1441 de
1592 1379 1955 1457 {innocentia

177 1465 336 1549 ejus
361 1463 588 1526 certior
616 1461 860 1527 Romae
889 1461 1110 1540 factus„
1154 1464 1431 1528 diffidere
1472 1465 1603 1528 suis
1631 1465 1835 1537 reme,
1882 1483 1953 1527 ae

182 1563 335 1614 tum
379 1550 638 1615 demum
665 1569 876 1612 veram
907 1550 1299 1614 deditionem
1326 1549 1525 1614 facere
1558 1564 1807 1614 conatus
1838 1564 1951 1618 eet.

185 1633 404 1718 Igitur
442 1635 678 1717 legatos
721 1635 802 1698 ad
829 1637 1142 1698 consulem
1190 1658 1333 1700 cum
1355 1635 1697 1718 ksuppliciis
1743 1635 1953 1712 mittit,

167 1720 306 1804 qui
361 1719 790 1785 tantummodo
847 1719 966 1802 ipsi
1024 1721 1355 1801 liberisque
1406 1721 1595 1784 vitam
1655 1734 1953 1800 peterent,

183 1807 318 1872 alia
340 1805 548 1876 omnia
573 1806 872 1870 dederent
893 1806 1120 1889 populo
1146 1806 1455 1870 Romano.
1532 1807 1663 1870 Sed
1686 1805 1949 1870 Metello

173 1893 328 1978 jam
353 1907 530 1960 antea
551 1890 994 1974 experimentis
1009 1893 1325 1976 cognitum
1348 1906 1479 1956 erat
1498 1914 1692 1977 genus
1720 1890 1788 1952 N
1794 1912 1952 1954 unu

185 1980 424 2042 darum
470 1977 752 2054 infidum,
811 1975 1058 2061 ingenio
1102 1979 1335 2056 mobili,
1390 1999 1691 2044 novarum
1736 1998 1951 2042 rerum

179 2063 470 2131 avidum.
571 2062 782 2146 Itaque
831 2063 1070 2149 legatos
1125 2065 1316 2129 alium
1356 2063 1443 2129 ¹ab
1494 2065 1617 2129 alio
1667 2064 1953 2129 divorsos

179 2152 590 2235 adgreditun·
633 2171 726 2225 ac,
769 2153 1081 2233 paullatim
1095 2152 1449 2227 mtentando,
1491 2164 1813 2233 postquam
1842 2169 1951 2231 op-

183 2254 487 2321 portunos
505 2234 818 2319 cognovit,
846 2236 1035 2297 multa
1051 2236 1395 2317 pollicendo
1418 2236 1769 2317 persuadet,
1796 2238 1837 2269 “
1856 2233 1969 2299 uti·

185 2323 573 2419 jugurtham
594 2341 884 2383 maxume
907 2320 1144 2397 vivum,
1172 2322 1267 2383 sin
1296 2321 1363 2383 id
1388 2342 1603 2403 parum
1631 2321 1947 2404 procedat,

182 2424 480 2472 necatum
525 2405 642 2467 sibi
672 2406 876 2467 trade1
878 2404 1036 2469 ent
1039 2405 1377 2467 ’ceterum
1402 2406 1627 2487 palam,
1677 2427 1833 2486 quae
1864 2428 1946 2469 ex

179 2517 228 2558 v
210 2493 506 2557 oluntate
533 2490 752 2565 forent,
795 2489 926 2573 regi
955 2489 1227 2553 nunciati
1245 2491 1446 2575 jubet.
1538 2490 1831 2555 Deinde
1816 2512 1946 2575 lpse

178 2577 404 2668 paucis
449 2578 688 2653 diebus,
745 2576 982 2641 intento
1025 2590 1207 2659 atque
1260 2574 1485 2643 infesto
1528 2576 1823 2656 exercitu,
1880 2577 1945 2641 in

259 2741 284 2780 d
311 2742 438 2793 Arte.
507 2743 594 2791 An
618 2740 862 2793 archaism
885 2738 965 2789 for
986 2751 1124 2791 arcte.
1198 2742 1278 2789 He
1304 2750 1376 2789 set
1399 2741 1537 2790 strict
1566 2738 1756 2790 bounds
1778 2750 1833 2789 to
1852 2742 1941 2791 the

185 2819 312 2865 rest,
347 2812 409 2857 he
431 2808 659 2857 confined
683 2810 822 2855 them
847 2808 1021 2856 within
1045 2806 1138 2855 due
1164 2808 1353 2857 bounds
1376 2808 1437 2869 by
1460 2808 1597 2855 strict
1620 2806 1938 2871 regulations.

261 2884 284 2913 ο
313 2872 629 2929 Transvorsie,
665 2875 751 2921 διε.
799 2872 898 2933 -Β)
923 2875 1147 2921 marcnes
1170 2888 1335 2922 across
1357 2876 1440 2921 the
1464 2883 1687 2935 country.
1793 2904 1801 2911 ·

257 2939 281 2979 f
311 2942 584 2990 Circumire.
657 2941 739 2989 He
761 2948 898 2990 went
919 2941 1004 2987 the
1027 2936 1226 2987 rounds.

258 3018 287 3058 g
312 3006 722 3070 Frequentes.1n
745 3004 875 3054 close
896 3004 1049 3053 order.

260 3073 290 3111 b
315 3073 644 3139 Confirmam'r
693 3073 776 3120 He
799 3068 993 3120 infused
1015 3086 1199 3135 energy
1220 3071 1324 3121 into
1346 3072 1429 3121 the
1452 3084 1618 3136 arrum
1641 3070 1707 3120 he
1720 3069 1941 3122 restored

193 3141 237 3191 it
259 3149 310 3189 to
331 3141 530 3204 vigour:
552 3138 772 3203 firmum
793 3134 1006 3185 rech-lidia

259 3205 273 3243 ἱ
308 3202 591 3255 Innocentio.
661 3204 758 3252 His
780 3204 1120 3268 incorruptible
1143 3205 1388 3271 integrity.

257 3272 289 3309 k
311 3272 574 3336 Suppliciis.
642 3270 790 3319 with
826 3270 1072 3334 suppltant
1105 3286 1369 3335 messages
1438 3268 1728 3335 Supplicia
1716 3286 1757 3319 ts
1780 3281 1937 3320 some-

189 3338 338 3385 times
372 3335 628 3401 employed
664 3346 716 3384 to
754 3335 941 3399 signify
965 3351 996 3385 a
1024 3340 1211 3387 branch
1246 3336 1305 3384 of
1333 3335 1483 3385 laurel
1515 3350 1571 3387 or
1603 3336 1731 3391 olive
1764 3337 1817 3387 in
1852 3340 1937 3387 the

189 3402 354 3455 hands
379 3401 438 3450 of
465 3394 804 3451 ambassadors
826 3412 934 3449 sent
957 3413 1008 3450 to
1032 3418 1116 3451 sue
1141 3400 1220 3451 for
1241 3416 1405 3467 peace.

255 3470 271 3508 l
307 3467 378 3517 Ab
400 3467 499 3517 alio
520 3468 690 3517 alium.
759 3467 871 3517 One
895 3466 1025 3516 after
1047 3470 1267 3517 another.

251 3545 294 3581 ⁸³
309 3532 556 3589 §lentando
622 3534 701 3601 By
724 3533 1002 3603 tempering
1026 3534 1151 3581 with
1168 3534 1321 3587 them

988 3601 1142 3665 Mg

771 3773 824 3797 ‘a
