2284 4150
366 309 448 365 98
839 299 1217 364 SALmsTn
1244 301 1639 383 jusum-113.

453 435 600 498 XX.
665 435 1062 513 PosTQrAu,
1119 457 1315 522 regno
1366 435 1592 514 divise,
1652 433 1842 519 legati
1904 415 2129 501 Africa

365 524 728 598 discessere,
757 537 822 584 et
850 523 1159 605 jugurtha
1184 538 1395 587 contra
1418 523 1708 585 timorem
1736 521 1931 584 animi
1958 543 2131 605 prae·

367 611 496 674 mia
537 607 784 672 sceleris
829 609 1122 693 adeptum
1168 631 1307 672 sese
1356 609 1572 684 videt,
1634 622 1873 671 certum
1932 621 2127 685 ratus,

367 696 534 778 quod
563 715 642 757 ex
671 694 890 758 amicis
917 698 1081 776 apud
1109 697 1520 758 Numantiam
1546 707 1883 792 acceperat,
1910 695 2127 758 omnia

367 781 612 844 Romae
635 781 872 844 venalia
901 801 1058 860 esse,
1101 781 1291 844 simul
1318 793 1384 844 et
1408 781 1651 844 illorum
1676 776 2128 862 pollicitationi-

365 869 480 930 bus
505 887 844 942 accensus,
861 888 1018 950 quos
1045 868 1249 950 paullo
1274 883 1413 931 ante
1442 865 1801 932 muneribus
1842 865 2128 948 expleve-

364 969 481 1029 rat,
511 953 574 1014 in
603 974 866 1036 regnum
898 952 1273 1015 Adherbalis
1298 953 1579 1016 animum
1607 951 1886 1015 intendit.
1983 951 2125 1036 Ipse

363 1059 528 1114 acer,
572 1038 928 1102 bellicosus.
977 1053 1039 1101 at
1065 1038 1142 1114 is,
1184 1059 1375 1120 quem
1403 1040 1665 1121 petebat,
1694 1035 1968 1121 quietus,
2013 1040 2126 1102 im-

367 1124 562 1196 bellis,
611 1123 874 1208 ¹’placido
919 1123 1191 1208 ingenio,
1238 1136 1642 1224 qopportunus·
1670 1122 1952 1224 injuriae,
2000 1144 2125 1188 me·

365 1229 546 1276 tuens
592 1212 810 1294 magis,
851 1231 1040 1293 quam
1068 1213 1454 1274 metuendus.
1548 1209 1751 1293 Igitur
1790 1229 1871 1272 ex
1898 1207 2122 1292 impro-

365 1299 525 1373 vise,
573 1297 710 1360 finis
737 1299 872 1382 ejus
915 1317 1060 1358 cum
1105 1315 1329 1380 magna
1374 1317 1562 1359 manu
1604 1293 1849 1372 invasit,
1894 1297 2123 1360 multos

367 1384 648 1446 mortalis
675 1405 820 1448 cum
849 1400 1070 1468 pecore
1099 1397 1284 1465 atque
1321 1381 1437 1445 alia
1466 1382 1689 1467 praeda
1732 1381 1916 1463 capit,
1958 1383 2123 1446 aedi·-

358 1471 506 1532 «ficia
534 1468 828 1546 incendit,
871 1468 1155 1552 pleraque
1184 1471 1317 1531 loca
1346 1468 1651 1531 hostiliter
1676 1487 1819 1532 cum
1849 1467 2121 1550 equitatu

365 1554 642 1627 accedit,
705 1555 852 1616 dein
897 1573 1039 1614 cum
1085 1553 1257 1614 omni
1306 1553 1699 1616 multitudine
1748 1552 1813 1614 in
1860 1572 2119 1635 regnum

365 1659 550 1702 suum
579 1638 903 1739 convertit,
941 1639 1319 1702 existumans
1362 1639 1575 1702 dolore
1600 1650 1955 1723 permotum
1988 1640 2122 1704 Ad-

367 1726 680 1790 herbalem
723 1723 976 1808 injurias
1019 1747 1163 1788 suas
1208 1715 1395 1788 manu
1438 1724 1917 1800 vindicaturum,
1960 1747 2125 1792 eam-

367 1833 489 1896 que
528 1831 666 1872 rem
692 1810 833 1872 beni
865 1829 1144 1873 caussam
1173 1809 1327 1873 fore.
1418 1809 1511 1874 At
1556 1809 1679 1889 ille,
1724 1809 1894 1893 quod
1922 1831 2123 1894 neque

366 1919 435 1959 se
487 1916 698 1978 parem
743 1895 934 1958 armis
985 1895 1415 1968 existumabat,
1477 1909 1541 1960 et
1590 1895 1865 1959 amicitia
1914 1897 2123 1980 popuii

366 1981 641 2045 Romani
665 1981 889 2064 magis,
931 2003 1120 2083 quain
1153 1981 1459 2045 Numidis
1486 1979 1681 2046 fretus
1708 1996 1860 2060 erat,
1888 1981 2123 2066 legatos

365 2065 468 2134 ad
488 2065 859 2153 Jugurtham
903 2068 984 2130 de
1030 2067 1271 2152 injuriis
1308 2068 1595 2151 questum
1642 2067 1840 2133 misit.
1890 2068 1999 2151 qui
2032 2083 2126 2133 ta·

365 2157 553 2221 metsi
603 2152 1045 2219 contumeliosa
1093 2154 1259 2217 dicta
1302 2154 1650 2232 retulerant,
1702 2154 1874 2237 priua
1918 2168 2127 2218 tamen

367 2242 579 2305 omnia
621 2240 744 2323 pati
792 2240 1086 2316 decrevit,
1129 2260 1319 2323 quam
1364 2240 1593 2305 bellum
1622 2252 1927 2314 rsumere3
1980 2239 2126 2323 quia

365 2342 667 2391 tentatum
712 2340 893 2389 antea
921 2336 1116 2390 ‘secus
1160 2339 1443 2393 cesserat.
1536 2326 1766 2409 Neque
1811 2340 2021 2389 tamen
2047 2346 2125 2388 eo

363 2412 566 2499 magis
609 2410 838 2496 cupido
877 2412 1218 2497 Jugurthae
1266 2411 1689 2487 minuebatur3
1746 2410 1971 2497 quippe
2016 2411 2122 2501 qui

366 2514 568 2564 totum
615 2498 750 2581 ejus
790 2520 1051 2581 regnum
1079 2498 1289 2561 animo
1320 2498 1459 2582 jam
1488 2498 1813 2562 invaserat.
1885 2494 2122 2589 Itaque

363 2606 514 2663 non,
559 2598 629 2649 ut
655 2596 850 2661 antea,
895 2605 1038 2647 cum
1079 2584 1463 2665 praedatoria
1507 2604 1716 2660 manu,
1760 2582 1872 2645 sed
1900 2603 2128 2666 magno

366 2672 640 2735 exercitu
670 2684 1039 2766 comparatO,
1071 2669 1301 2731 bellum
1330 2690 1545 2753 gerere
1577 2669 1799 2752 coepit,
1830 2682 1894 2729 et
1921 2680 2129 2751 aperte

367 2757 557 2823 totius
589 2745 988 2816 Numidiae
969 2753 1305 2836 imperium
1331 2768 1559 2838 petere.
1652 2755 1975 2832 Ceterum,
2004 2756 2126 2835 qua

367 2842 676 2926 pergebat,
723 2839 912 2917 urbis,
940 2858 1122 2923 agros
1143 2853 1407 2921 vastare,
1450 2841 1707 2925 praedas
1728 2860 1949 2925 agere·
1926 2884 1951 2914 2
1996 2838 2126 2902 suis

370 2928 672 3005 animum,
717 2939 1022 2989 terrorem
1052 2924 1333 2989 hostibus
1357 2946 1603 3025 augere.

455 3009 1091 3077 XX1.Annem3AL
1125 3010 1229 3074 ubi
1276 3011 1595 3097 intellegit,
1640 3032 1718 3075 eo
1746 3030 2125 3095 processum,

433 3283 460 3321 ι’
483 3270 695 3323 Placido.
763 3271 823 3321 In
849 3286 984 3323 some
1007 3270 1223 3323 editions
1234 3273 1471 3351 placidus

435 3348 460 3386 ‘1
486 3340 774 3404 Opportuna:
804 3338 997 3406 ityuriae.
1068 3339 1118 3387 A
1155 3338 1214 3386 fit
1248 3332 1437 3404 subject
1470 3338 1531 3387 of
1558 3338 1821 3404 injusticez
1856 3350 1924 3389 on
1959 3338 2129 3388 whom

369 3402 572 3471 ³⁴¹³¹¹²³⁶⁸
594 3402 1148 3529 ''¹¹⁶¹“1235352333133,
1168 3406 1385 3521 ‘zmi-
1398 3404 1602 3529 ‘²²¹¹,·⁸}3
1612 3468 1905 3521 undertak..

433 3482 457 3575 ζ
483 3472 862 3587 ἕῖσῗῑῖευεωτ.
932 3535 1051 3590 Had
1069 3546 1161 3589 not
1186 3551 1353 3590 suesce
1388 3534 1478 3598 ed·
1512 3535 1613 3593 had
1634 3538 1757 3593 been
1779 3533 2131 3592 unsuccessfui.
