2284 4150
681 311 1056 376 sums-ru
1101 309 1481 376 Car-uma.
1868 313 1957 372 39

185 445 514 532 splacidius
541 459 884 512 tractarent.
981 445 1132 524 sed,
1167 448 1271 510 ubi
1300 450 1573 531 primum
1608 441 1831 508 ‘dubiis
1857 464 1957 514 re,-

189 535 315 596 bus
357 534 652 596 novandis
695 557 835 618 spes
877 535 1094 610 oblata,
1137 550 1315 597 vetus
1360 553 1669 596 certamen
1714 531 1954 594 animos

197 638 422 682 eorum
465 620 713 682 arrexit.
823 621 1016 696 Quod
1059 621 1110 682 si
1158 622 1361 702 primo
1414 619 1647 704 praelio
1694 615 1961 680 Catilina

195 705 501 788 superior,
563 721 666 769 aut
718 729 914 791 aequa
966 727 1149 770 manu
1200 707 1619 778 discessisset.;
1680 700 1963 786 profecto

197 813 426 874 magna
455 795 664 856 clades
687 809 870 877 atque
905 791 1217 867 calamitas
1245 793 1685 876 rempublicam
1714 801 1965 870 oppres-

201 879 406 954 sisset,
421 899 622 961 neque
647 877 787 955 illis,
808 880 914 962 qui
933 879 1254 940 victoriam
1278 879 1507 962 adepti,
1522 878 1757 939 diutius
1782 895 1857 936 ea
1871 871 1965 936 uti

191 961 494 1040 licuisset,
526 964 673 1046 quin
702 965 968 1028 defessis
989 978 1051 1026 et
1067 963 1499 1046 exsanguibus,
1528 963 1635 1045 qui
1662 962 1797 1046 plus
1826 979 1967 1042 pos-

104 1101 113 1110 ,
197 1064 314 1125 set,
345 1049 682 1134 imperium
705 1067 886 1135 atque
913 1051 1255 1112 libertatem
1280 1064 1687 1132 extorqueret.
1760 1047 1964 1108 Fuere
1990 1083 1999 1096 κ

197 1148 410 1198 tamen
439 1145 636 1198 ¹¹extra
653 1138 1140 1199 con’urationem
1164 1136 1531 1217 complures,
1562 1135 1669 1217 qui
1694 1135 1773 1196 ad
1794 1129 1967 1194 Cati-

199 1219 398 1283 linam
431 1222 608 1284 initio
635 1161 890 1306 proflecti
921 1237 1092 1283 sunt:
1141 1221 1205 1282 in
1234 1221 1331 1282 his
1363 1221 1449 1282 A.
1486 1217 1537 1283 F
1544 1219 1767 1292 ulvius»,
1794 1238 1969 1280 sena-

200 1307 358 1382 toris
403 1307 603 1381 filius;
661 1331 871 1390 quem,
927 1321 1258 1370 retractum
1302 1328 1383 1368 ex
1428 1306 1670 1381 itinere,
1716 1315 1965 1387 vpareus

204 1392 412 1454 necari
431 1392 640 1477 jussit.
720 1395 930 1456 Isdem
959 1395 1347 1476 temporibus
1370 1393 1613 1454 Romae
1640 1391 1969 1466 Lentulus,

203 1477 391 1552 sicuti
437 1477 710 1541 Catilina
753 1495 1163 1562 praeceperat,
1220 1499 1645 1560 quoscumque
1692 1476 1967 1538 moribus

203 1580 312 1628 aut
341 1564 598 1628 'fortuna
625 1565 804 1628 novis
831 1567 1014 1628 rebus
1059 1566 1319 1629 idoneos
1362 1565 1673 1640 credebat,
1716 1577 1823 1626 aut
1863 1581 1973 1647 per

171 1653 302 1726 “⁴s'e,
345 1666 452 1714 aut
481 1673 602 1734 per
645 1653 798 1714 alios
843 1652 1236 1724 sollicitabat;
1288 1671 1489 1732 neque
1534 1651 1738 1712 solum
1782 1649 1973 1722 civeS‚

189 1738 324 1800 sed
372 1737 846 1821 cujusquemodi
905 1757 1098 1819 genus
1148 1735 1501 1814 hominum,
1555 1737 1727 1816 quod
1778 1733 1975 1796 modo

212 1816 432 1908 [bello]
459 1826 598 1886 usui
630 1822 838 1886 foret:
1316 1841 1324 1844 ’
1748 1862 1753 1868 -
1967 1856 1976 1866 ι

189 1949 202 1958 -
303 1910 448 1972 XL.
489 1910 744 1972 Iorrtm
778 1910 850 1972 P.
883 1907 1481 1975 Umbrenocuidam
1504 1906 1823 1994 negotium
1848 1905 1979 1984 dat,

149 2045 153 2049 -
191 1996 303 2060 ·uti
332 1998 564 2079 legatos
579 1996 1024 2081 ”Allobrogum
1053 1995 1349 2078 requirat,
1386 1998 1635 2079 eosque,
1672 1994 1724 2058 si
1756 1991 1973 2077 possit,

213 2084 491 2167 impellat
529 2084 610 2146 ad
655 2085 1013 2149 societatem
1057 2083 1237 2156 belli;
1294 2083 1695 2158 existumans,
1738 2079 1981 2163 publice

209 2169 626 2254 privatimque
655 2190 796 2233 aere
825 2172 1026 2233 alieno
1055 2190 1401 2252 oppressos,
1442 2183 1775 2251 praeterea,
1810 2162 1981 2247 quod

131 2258 137 2301 ἶ
212 2271 428 2319 natura
473 2277 626 2339 gens
670 2254 911 2319 Gallica
953 2256 1241 2319 bellicosa
1286 2268 1471 2331 esset,
1520 2253 1701 2317 facile
1744 2273 1853 2315 eos
1896 2250 1979 2317 ad

187 2343 336 2405 -tale
365 2342 690 2404 consilium
721 2342 946 2407 adduci
991 2364 1192 2423 posse.
1282 2340 1669 2413 Umbrenu3‚
1714 2340 1885 2422 quod
1913 2338 1983 2401 in

191 2428 424 2491 -Gallia
450 2428 820 2509 negotiatus,
861 2427 1173 2510 plerisque⁴
1204 2425 1577 2509 principibus
1620 2442 1803 2489 notus
1830 2438 1983 2501 erat,

217 2529 402 2597 atque
443 2534 552 2577 eos
579 2526 868 2579 noverat:
915 2509 1120 2594 itaque
1150 2512 1283 2575 sine
1328 2532 1523 2591 mora,
1568 2512 1677 2575 ubi
1705 2512 1983 2596 primum

193 2725 202 2733 ·
267 2707 305 2735 ·⁸
334 2694 590 2747 Placidius.
663 2697 810 2746 More
843 2696 1042 2761 quietly,
1077 2708 1213 2745 more
1245 2695 1525 2761 peaceably‚
1562 2694 1687 2743 with
1722 2694 1819 2745 less
1851 2703 1983 2743 trou-

225 2764 321 2815 ble.
389 2762 636 2813 Placidim
661 2773 917 2813 tractarent
939 2778 1058 2825 may
1080 2764 1140 2812 Be
1164 2762 1380 2812 referred
1402 2762 1558 2811 either
1580 2772 1633 2809 to
1655 2764 1738 2811 the
1760 2761 1986 2827 nobility,

227 2844 284 2881 οι·
310 2840 363 2878 to
383 2832 468 2877 the
491 2830 735 2879 tribunes:
773 2829 820 2877 if
850 2840 900 2876 to
932 2832 1017 2877 the
1041 2828 1203 2885 latter,
1238 2832 1323 2877 the
1359 2828 1595 2891 meaning
1626 2830 1727 2877 will
1760 2830 1838 2885 be,
1873 2826 1985 2876 that

226 2899 312 2945 the
335 2898 556 2945 tribunes
577 2896 737 2959 might
760 2896 820 2944 be
842 2896 940 2943 less
961 2895 1147 2943 violent
1170 2895 1223 2941 in
1244 2895 1373 2942 their
1390 2890 1546 2949 office,
1568 2908 1625 2940 or
1645 2895 1742 2942 less
1755 2892 1987 2957 disposed
2048 2903 2053 2909 '

227 2974 280 3013 to
297 2962 476 3027 stimtp
495 2961 554 3011 co
607 2962 818 3010 motione
841 2974 1032 3024 among
1053 2962 1138 3008 the
1161 2961 1350 3025 people,
1386 2960 1601 3022 through
1623 2958 1775 3007 dread
1796 2958 1856 3005 of
1872 2972 1985 3022 pro-

227 3029 447 3079 secution
469 3029 533 3092 by
546 2974 643 3209 {lie
675 3028 899 3091 nobility,
934 3026 1066 3076 after
1096 3028 1185 3075 the
1215 3024 1497 3092 expiration
1522 3024 1583 3075 of
1610 3026 1740 3075 their
1771 3025 1987 3075 tribune-

233 3095 308 3146 shi
347 3132 357 3143 .
1878 3106 1882 3111 ·

297 3109 526 3211 tpDube'ie
583 3158 690 3209 ebus
711 3158 950 3210 novandis.
1021 3159 1117 3209 For
1153 3158 1362 3225 making
1393 3174 1461 3208 an
1492 3158 1752 3208 alteration
1772 3160 1825 3208 in
1855 3158 1987 3209 their

232 3228 444 3293 perilous
465 3226 732 3277 condition.

299 3304 324 3331 ⁰
349 3292 514 3343 Extra
537 3290 920 3341 con'urate'onem.
990 3294 1096 3341 Not
1117 3290 1348 3355 engaged
1371 3292 1421 3337 in
1444 3292 1528 3339 the
1550 3292 1855 3355 conspiracy.

297 3370 328 3395 v
349 3358 542 3407 Parem.
652 3360 817 3406 athei-s
840 3374 1026 3423 among
1047 3361 1134 3406 the
1158 3359 1385 3405 Romans
1404 3354 1505 3405 had
1529 3358 1613 3405 the
1633 3372 1804 3423 power
1826 3357 1888 3407 of
1914 3359 1988 3408 In-

237 3421 434 3486 flicting
451 3422 628 3487 capital
652 3425 970 3488 punishment
991 3440 1058 3473 on
1080 3425 1209 3471 their
1230 3422 1465 3471 children.

299 3502 332 3567 {v
347 3488 532 3541 Allobro
591 3504 662 3537 m.
709 3490 822 3539 The
848 3492 1140 3554 Allobroges
1158 3504 1289 3539 were
1312 3504 1343 3541 a
1363 3489 1541 3556 people
1562 3490 1625 3541 of
1642 3492 1823 3556 Savoy‚
1849 3490 1989 3541 Dau-

233 3558 402 3624 phme‚
437 3568 502 3607 an
561 3556 639 3604 Lu
661 3547 852 3607 Bresse.
