2284 4150
665 389 1034 452 Suum-ru
1079 385 1457 456 Cri-uma.
1788 387 1798 394 “
1844 391 1925 453 65

160 529 379 610 neque
407 523 631 588 fortem
660 546 738 588 ex
765 523 990 587 timido
1011 521 1395 598 exercitum,
1437 518 1711 588 oratione
1738 519 1932 604 impe·

164 609 420 687 ratoris,
465 611 615 673 fieri.
708 609 958 686 Quanta
991 611 1287 694 cujusque
1316 607 1525 672 animo
1554 605 1809 669 audacia
1834 629 1939 670 na-

165 711 346 773 tura,
381 711 488 760 aut
512 698 788 762 moribus
822 697 1001 772 inest,
1045 709 1211 758 tanta
1240 695 1305 756 in
1329 695 1487 756 bello
1516 707 1721 776 patere
1750 693 1935 756 solet:

164 803 589 868 quemneque
607 783 822 867 gloria,
852 789 1051 865 neque
1075 781 1345 864 pericula
1364 779 1652 853 excitant,
1680 777 1941 860 nequid-

165 881 364 952 quam
395 869 678 944 hortere;
724 869 916 931 timor
961 868 1152 932 animi
1198 867 1445 931 auribus
1490 863 1715 928 obficit.
1809 865 1940 927 Sed

167 977 296 1037 ego
322 977 456 1032 vos,
485 977 622 1037 *quo
651 976 841 1037 pauca
870 975 1213 1028 monerem,
1256 952 1585 1025 advocavi;
1630 949 1816 1038 simul
1837 949 1933 1014 uti

171 1059 460 1104 caussam
491 1041 729 1104 consilii
775 1041 1097 1124 aperirem.
1190 1040 1374 1102 Scitis
1419 1037 1733 1119 eq'uidem,
1778 1035 1939 1100 mili-

170 1140 295 1200 teS,
339 1128 620 1193 secotdia
665 1141 844 1209 atque
889 1126 1132 1210 ignavia
1177 1125 1430 1188 Lentuli
1476 1137 1771 1206 quantam
1816 1123 1935 1205 ipsi

171 1212 420 1274 cladem
449 1212 746 1294 nobisque
788 1213 1056 1280 attulerit
1076 1237 1110 1284 3.
1140 1233 1387 1293 quoque
1420 1210 1632 1282 mod0,
1674 1209 1829 1270 dum
1860 1229 1941 1272 ex

174 1298 336 1358 urbe
380 1297 690 1378 praesidia
732 1297 1040 1380 opperior,
1084 1297 1148 1358 in
1175 1296 1442 1358 Galliam
1485 1293 1787 1378 proficisci
1830 1315 1938 1358 ne-

173 1381 516 1464 quiverim.
629 1383 819 1444 Nunc
861 1393 1010 1464 Pquo
1063 1381 1126 1444 in
1172 1383 1313 1444 loco
1365 1375 1467 1443 res
1509 1395 1755 1442 nostrae
1798 1379 1943 1455 sint,

167 1469 357 1552 juxta
375 1489 624 1531 mecum
641 1489 858 1530 omnes
877 1466 1247 1551 intellegitis.
1278 1481 1287 1485 ’
1320 1465 1649 1528 Exercitus
1664 1464 1955 1534 hostium,

181 1553 334 1629 dun,
377 1575 536 1616 unus
562 1555 640 1616 ab
671 1553 840 1627 urbe,
869 1553 1022 1616 alter
1047 1575 1084 1615 a
1115 1551 1338 1629 Gallia,
1381 1551 1655 1616 obstant:
1705 1549 1940 1614 diutius

181 1638 253 1700 in
275 1637 374 1722 his
397 1639 545 1701 locis
573 1661 729 1716 esse,
755 1639 834 1700 qsi
866 1660 1157 1702 maxume
1180 1639 1423 1703 animus
1438 1637 1613 1712 ferat,
1640 1635 1942 1704 frumenti

181 1739 370 1806 atque
397 1723 659 1788 aliarum
683 1745 898 1785 rerum
943 1740 1182 1806 egestas
1225 1725 1526 1804 prohibet.
1620 1722 1942 1796 Quocum-

187 1829 308 1891 que
353 1809 441 1871 ire
487 1811 701 1892 placet,
744 1808 908 1870 ferro
949 1804 1069 1870 itei·
1111 1806 1520 1891 aperiundum
1564 1821 1677 1868 est.
1770 1804 1943 1881 Qua·

186 1909 436 1980 propter
451 1917 563 1958 vos
587 1916 830 1972 menen,
849 1895 938 1957 uti
954 1893 1096 1957 forti
1115 1907 1297 1976 atque
1322 1909 1529 1976 parato
1542 1891 1759 1957 auimo
1776 1891 1909 1955 sitis
1926 1917 1946 1967 ς

184 1995 274 2058 et,
311 2003 464 2045 *cum
509 1980 808 2062 praelium
853 1979 1105 2060 inibitis,
1152 1979 1582 2057 memineritis,
1624 2001 1739 2042 vos
1782 1977 1943 2042 divi-

189 2066 329 2145 tias,
393 2066 603 2141 decus,
665 2064 966 2151 gloriam,⁸
1009 2080 1325 2149 praeterea
1375 2066 1719 2131 libertatem
1763 2080 1949 2147 atque

193 2152 453 2235 patriam
495 2154 562 2214 -in
606 2152 840 2216 dextris
883 2166 1148 2235 portare.
1240 2151 1310 2215 Si
1356 2152 1683 2227 vincimus,
1734 2150 1950 2213 omnia

202 2238 384 2299 nobis
411 2252 562 2313 tuta,
608 2254 987 2304 commeatus
1015 2238 1277 2312 abunde,
1306 2238 1577 2299 coloniae
1606 2250 1789 2317 atque
1812 2255 1951 2299 mu·

195 2322 422 2405 nicipia
451 2325 766 2406 patebunt:
815 2323 910 2385 sin
939 2338 1112 2384 metu
1152 2323 1539 2398 cesserimus,
1582 2323 1801 2392 eadem
1846 2320 1951 2387 ina

197 2410 456 2473 advorsa
479 2410 629 2471 fiunt
645 2432 663 2469 ι
693 2430 893 2489 neque
917 2409 1108 2482 locuS,
1137 2429 1337 2488 neque
1356 2408 1589 2476 amicus
1614 2408 1945 2491 quisquam

200 2507 389 2577 teget,
427 2514 615 2574 quem
656 2514 828 2553 arma
854 2512 975 2553 non
1019 2492 1303 2553 texerint.
1396 2492 1742 2565 Praeterea,
1786 2492 1949 2555 mili-

194 2579 314 2653 t'es,
343 2598 467 2639 non
491 2578 708 2641 eadem
735 2577 913 2639 nobis
943 2592 1003 2639 et
1031 2577 1151 2640 illis
1178 2578 1571 2641 necessitudo
1600 2578 1949 2662 impendetz

199 2688 314 2727 nos
357 2685 468 2745 pro
512 2662 724 2747 patria,
767 2684 890 2746 „pro
931 2662 1231 2742 libertate,
1284 2672 1395 2747 pro
1438 2664 1565 2727 vita
1608 2680 1949 2729 certamus:

203 2750 326 2813 illis
361 2770 878 2833 supervacaneum
907 2762 1000 2812 est
1041 2770 1313 2834 pugnare
1340 2770 1454 2832 pro
1494 2751 1763 2834 potentia
1806 2772 1951 2833 pau-

203 2856 440 2898 corum.
517 2832 688 2908 ‘Quo
710 2830 1002 2897 audacius
1019 2836 1455 2917 adgredimini,
1475 2858 1785 2900 memores
1801 2838 1954 2920 pris-

207 2922 368 2983 tinae
397 2920 660 2981 virtutis.
751 2918 961 2981 Licuit
988 2920 1186 2997 nobis,
1233 2942 1375 2983 cum
1421 2924 1953 3003 summaturpitu-

211 3006 377 3081 dine,
424 3004 488 3067 'm
531 3005 716 3067 exilio
761 3012 1024 3067 aetatem
1067 3026 1249 3087 agere
1271 3030 1289 3067 ,ε
1348 3004 1632 3091 potuistis
1674 3006 1950 3088 nonnulli

214 3090 477 3167 Romae,
536 3091 779 3153 amissis
833 3090 1030 3167 bonis,
1091 3091 1319 3155 alienas
1374 3114 1525 3176 opes
1581 3092 1951 3175 exspectare.

207 3176 378 3253 Quia
407 3176 512 3261 ilia
533 3174 722 3239 foeda
748 3190 929 3257 atque
959 3176 1341 3243 intoleranda
1374 3179 1541 3243 sviris
1570 3179 1953 3255 videbantur,

217 3347 222 3351 '
279 3356 305 3395 ι’
333 3344 440 3411 Qco
461 3345 510 3391 in
532 3342 643 3392 loco.
711 3345 848 3395 How
870 3361 956 3395 our
978 3346 1144 3398 affairs
1166 3347 1337 3404 stand;
1370 3356 1465 3396 ‘our
1486 3350 1879 3401 circumstances.

276 3423 307 3461 ¹1
333 3412 388 3458 Si
413 3425 668 3467 maxume,
689 3399 772 3459 fite.
843 3414 1094 3477 However
1129 3417 1377 3481 muchvwe
1398 3414 1559 3477 might
1581 3417 1639 3463 be
1664 3414 1891 3463 inclined,

282 3488 304 3517 r
334 3474 441 3543 Qec
461 3472 699 3532 audaciam,
733 3477 838 3533 δια,
877 3478 1175 3529 Wherefore
1198 3478 1365 3527 attack
1388 3484 1523 3527 more
1546 3479 1721 3543 boldly.
1788 3478 1959 3545 Adgre-

213 3542 407 3607 ffiaem'ni,
439 3555 506 3591 an
525 3541 768 3591 archaism
791 3542 867 3591 for
887 3544 1211 3609 aggredimini
1232 3546 1285 3597 in
1306 3546 1391 3598 the
1412 3546 1701 3613 imperative
1722 3544 1889 3597 moed.
1928 3562 1932 3565 ⁴

276 3619 300 3649 ⁸
334 3607 480 3661 Viris.
545 3608 628 3659 To
647 3622 764 3663 men
781 3610 844 3666 of
870 3612 1028 3679 spirit.
1394 3622 1401 3629 ·
1704 3605 1712 3614 ‘

1017 3678 1151 3744 Gz
