2284 4150
369 275 494 340 '156
839 273 1211 340 διιωετιι
1243 275 1640 358 Ῑυουιιτιιι.

455 409 763 476 LXXIX.
833 411 998 485 sen,
1055 410 1350 496 quoniam
1392 411 1454 474 in
1508 411 1619 474 has
1672 407 1967 492 regiones
2016 433 2127 496 per

365 499 850 600 Leptitanorum
881 499 1124 582 negotia
1156 499 1460 572 venimus,
1502 519 1628 560 non
1670 497 2003 580 indignum
2030 498 2125 560 vi-

365 586 568 661 detur,
629 585 948 668 egregium
997 600 1179 667 atque
1240 585 1514 648 mirabile
1564 581 1805 645 -facinus
1852 585 2123 648 duorum

271 705 276 710 ·
369 669 975 754 Carthaginiensium
1019 691 1401 734 memorare.
1450 691 1585 737 earn
1619 691 1754 731 rem
1798 669 1983 734 locus
2029 671 2126 734 ad·

366 755 625 822 monuit.
719 757 864 832 Qua
906 769 1266 840 tempestate
1314 756 1857 838 Carthaginienses
1900 757 2129 854 pleraq·

365 864 484 927 que
505 840 760 905 Africae
779 842 1221 925 imperitabant,
1246 842 1635 924 Cyrenenses
1652 861 1901 924 quoque
1922 842 2129 926 magni

369 944 552 1012 atque
611 929 880 1012 opulenti
929 928 1120 991 fuere.
1214 929 1395 1012 Ager
1452 928 1516 989 in
1560 927 1771 994 medio
1814 950 2132 1003 arenosus,

367 1026 515 1076 1’una
543 1016 784 1098 specie·
830 1035 1030 1097 neque
1071 1015 1324 1089 flumen,
1366 1035 1569 1094 neque
1600 1035 1779 1079 mons
1824 1030 1980 1089 erat,
2026 1012 2134 1096 qui

369 1099 509 1164 finis
534 1119 750 1162 eorum
773 1101 1183 1173 discerneret;
1214 1119 1371 1183 quae
1398 1120 1496 1160 res
1522 1121 1629 1160 eos
1648 1097 1710 1160 in
1742 1121 1975 1182 magno
1996 1101 2135 1162 diu-

367 1201 552 1254 turno
595 1186 756 1248 bello
797 1187 958 1248 inter
1001 1209 1066 1250 se
1102 1186 1341 1248 habuit.
1432 1185 1767 1266 Postquam
1818 1185 2133 1269 utrimque

372 1274 693 1356 qlegiones,
740 1273 892 1334 item
938 1265 1158 1335 classes
1186 1271 1375 1334 rsusae
1420 1270 1811 1370 fugataeque,
1856 1286 1928 1334 et
1967 1273 2135 1338 alteri

371 1359 597 1422 alteros
621 1359 1000 1442 aliquantum
1028 1357 1443 1430 adtriverant3
1489 1356 1695 1434 veriti,
1722 1378 1801 1418 ne
1831 1379 1992 1432 mox
2018 1359 2137 1426 vic-

372 1461 470 1512 tos
494 1445 887 1544 victoresque
919 1444 1196 1507 defessos
1220 1443 1375 1510 alius
1404 1443 1865 1524 adgrederetur,
1916 1465 2031 1526 per
2058 1446 2139 1512 in·

373 1534 588 1597 ducias
633 1531 1024 1614 sponsionem
1068 1529 1323 1604 faciunt,
1380 1535 1419 1564 ‘⁶
1452 1527 1541 1590 uti
1590 1543 1755 1590 certo
1800 1527 1910 1590 die
1956 1531 2137 1615 legati

375 1619 568 1682 domo
611 1615 1177 1712 proficiscerentur3
1226 1615 1442 1696 quoin
1486 1615 1625 1676 loco
1664 1614 1827 1676 inter
1856 1637 1928 1677 se
1974 1619 2139 1682 obvii

376 1701 661 1780 fuissent,
705 1701 759 1764 is
793 1697 1140 1763 communis
1170 1703 1491 1782 utriusque
1538 1700 1741 1783 populi
1770 1701 1915 1764 finis
1960 1703 2139 1767 habe·

379 1808 566 1855 retur.
572 1788 610 1820 ”
700 1782 897 1884 Igitur
928 1781 1301 1870 Carthagine
1346 1788 1472 1850 duo
1499 1785 1718 1848 fratres
1761 1787 1965 1864 missi,
2012 1791 2141 1874 qui-

377 1877 494 1938 bus
525 1895 750 1934 nomen
785 1869 1096 1934 Philaenis
1126 1888 1275 1948 erat,
1306 1889 1687 1936 maturavere
1707 1873 1823 1934 iter
1850 1895 2137 1957 pergere:

379 1958 772 2042 Cyrenenses
801 1957 1034 2020 tardius
1082 1958 1230 2022 iere.
1324 1961 1403 2021 Id
1446 1955 1826 2028 secordiane
1872 1981 1950 2021 an
1998 1983 2145 2025 casu

380 2043 696 2121 acciderit,
739 2061 958 2127 parum
1003 2045 1281 2126 cognovi.
1365 2041 1675 2107 Ceterum
1720 2046 1907 2109 solet
1922 2046 1986 2109 in
2026 2047 2143 2112 illis

379 2135 534 2197 locis
564 2144 898 2215 tempestas
924 2129 1092 2191 haud
1121 2151 1320 2205 secus,
1364 2144 1545 2211 atque
1576 2131 1638 2192 in
1668 2132 1820 2196 mari
1848 2133 2141 2197 retinere.

382 2220 559 2284 Nam
607 2217 730 2289 ubi,
777 2237 887 2299 per
928 2216 1062 2278 loca
1107 2216 1379 2299 aequalia
1410 2230 1472 2277 et
1504 2219 1688 2280 ⁸nuda
1734 2215 2143 2301 gignentium,

381 2320 602 2368 ventus
649 2316 894 2365 coortus
937 2322 1188 2365 arenam
1218 2304 1407 2363 humo
1452 2301 1765 2381 excitavit,
1814 2324 1887 2365 ea
1902 2314 2172 2388 magna-
2256 2292 2258 2303 ¹

381 2390 448 2456 vi
495 2390 740 2475 agitata,
782 2406 888 2449 ora
933 2387 1263 2470 oculosque
1308 2386 1563 2471 implere
1608 2390 1800 2463 solet3
1844 2389 1937 2452 ita
1976 2410 2147 2473 pros·

381 2493 564 2563 pectu
608 2474 931 2558 impedit0‚
975 2474 1203 2535 morari
1234 2474 1367 2537 iter.
1456 2472 1799 2556 Postquam
1826 2473 2146 2557 Cyrenen-

386 2586 486 2627 ses
517 2564 827 2642 aliquanto
857 2558 1224 2641 posteriores
1252 2576 1321 2620 se
1352 2558 1588 2635 vident,
1632 2574 1695 2623 et
1740 2561 1818 2621 ob
1847 2582 1987 2633 rem
2016 2584 2146 2625 cor-

386 2664 630 2733 ruptam
658 2646 831 2710 domi
861 2666 1090 2727 poenas
1135 2659 1455 2719 metuunt3
1500 2644 1841 2723 criminari,
1888 2647 2148 2713 Cartha·-

389 2736 698 2818 ginienses
727 2745 863 2791 ante
897 2746 1141 2825 tempus
1171 2731 1363 2791 domo
1406 2729 1739 2831 digressos,
1782 2732 2147 2796 conturbare

388 2840 552 2883 rem.
587 2814 852 2899 denique
879 2810 1090 2877 omnia
1119 2814 1323 2894 malle,
1351 2838 1549 2899 quam
1561 2816 1709 2879 victi
1735 2808 1923 2881 abire.
2018 2819 2148 2881 Sed

389 2926 534 2973 cum
567 2900 786 2966 tPoeni
835 2899 1018 2964 aliam
1065 2901 1506 2975 conditionem,
1569 2904 2001 2967 tantummodo
2048 2926 2150 2967 ae-

455 3053 481 3091 9
511 3042 618 3088 Una
638 3039 800 3102 specie.
867 3034 947 3083 Of
976 3052 1006 3085 a
1022 3036 1584 3103 miserm-appearance,
1619 3038 1722 3087 viz.
1756 3052 1789 3087 a.
1809 3034 1991 3096 naked,
2014 3052 2147 3104 open

393 3108 546 3175 plain.

432 3184 486 3227 «ι
515 3170 752 3235 Legiones.
809 3166 1006 3231 Troops
1021 3182 1104 3217 are
1121 3169 1241 3217 here
1256 3186 1311 3219 so
1326 3170 1481 3221 called
1503 3170 1554 3219 in
1570 3170 1820 3225 reference
1842 3179 1895 3222 to
1912 3146 1998 3220 the
2014 3184 2146 3220 com-

395 3237 567 3305 positis
559 3253 608 3285 ·n
633 3234 692 3285 of
721 3251 750 3284 a
774 3234 971 3283 Roman
993 3249 1147 3299 army.

463 3314 485 3340 ¹·
515 3304 655 3353 Fusae
727 3303 784 3351 In
809 3308 945 3351 some
965 3301 1179 3351 editions
1199 3310 1314 3369 saepe
1324 3301 1471 3369 fiee.

459 3378 479 3407 ⁸
515 3370 658 3417 Nuda
675 3368 982 3435 gignentium.
1053 3368 1182 3418 Bare
1205 3370 1264 3417 of
1291 3386 1351 3420 ve
1353 3370 1543 3435 getable
1564 3369 1896 3437 productioris.

411 3446 420 3453 ·
462 3441 479 3473 t
510 3434 642 3484 Poee.
609 3454 639 3481 ι
733 3439 780 3484 A
813 3436 1096 3499 corruption·
1125 3434 1186 3484 of
1212 3387 1395 3500 Phoem‘,
1431 3437 1714 3491 conti-acted
1734 3436 1879 3491 from
1892 3434 2146 3492 Phaenioee,

404 3504 1331 3578 theplutalofomubapalmtree..
