2284 4150
639 325 1018 392 SALLvsTu
1051 323 1449 408 Ῑσσυιιτιυι.
1806 327 1923 390 171

170 465 404 529 effecta.
493 459 592 526 Ibi
617 459 830 528 castris
857 456 980 526 levi
1013 463 1399 526 munimento
1428 456 1670 544 positis,
1698 459 1929 525 milites

161 551 372 615 cibum
416 569 653 634 capere,
711 565 914 632 atque,
960 550 1046 618 uti
1092 550 1280 612 simul
1324 567 1465 612 cum
1512 567 1735 608 occasu
1776 547 1925 610 solis

163 635 652 722 segre'derentur,
685 651 926 722 paratos
951 657 1083 698 esse
1105 636 1314 718 juben
1360 633 1647 696 omnibus
1676 633 1929 696 sarcinis

65 720 70 722 ’
163 725 440 812 abjectis,
501 745 656 805 aqua
715 723 906 785 modo
957 743 1181 804 seque
1202 739 1264 785 et
1298 719 1614 806 jumenta
1646 739 1927 782 onerare.

163 809 360 888 Dein,
405 825 729 892 postquam
777 823 1020 892 tempus
1061 809 1289 882 visum,
1337 807 1551 870 castris
1594 807 1931 890 egreditur,

159 911 530 979 noctemque
585 909 780 958 totam
839 893 1056 958 itinere
1109 891 1297 970 facte,
1363 894 1677 958 consedit·
1752 893 1929 956 idem

153 1003 466 1068 proxuma
496 981 669 1044 facit:
715 977 864 1043 dein
894 981 1093 1056 tertia,
1129 982 1329 1044 multo
1354 995 1491 1042 ante
1520 979 1675 1044 lucis
1702 981 1931 1042 adven·

155 1085 318 1146 tum,
361 1067 642 1169 pervenit
671 1067 735 1128 in
763 1068 967 1132 locum
991 1067 1423 1143 htumulosum,
1466 1068 1545 1130 ab
1574 1067 1775 1151 Capsa
1802 1087 1929 1132 non

155 1153 428 1242 amplius
477 1150 675 1214 duum
723 1153 990 1214 millium
1039 1154 1387 1225 intervallo;
1450 1154 1678 1235 ibique,
1738 1175 1928 1234 quam

155 1237 600 1304 occultissume
629 1251 852 1321 potest,
881 1259 1022 1300 cum
1051 1237 1338 1300 omnibus
1368 1237 1562 1320 copiis
1590 1241 1923 1321 opperitur.

159 1327 320 1404 Sed,
347 1324 452 1388 ubi
481 1325 618 1388 dies
648 1323 876 1422 coepit,
915 1339 980 1386 et
1009 1324 1331 1388 Numidae
1360 1324 1517 1388 nihil
1541 1323 1767 1390 hostile
1796 1345 1925 1388 me.

155 1427 406 1478 tuentes
433 1409 612 1473 multi
643 1407 876 1492 oppido
899 1410 1162 1494 egressi3
1195 1424 1445 1494 repente
1472 1431 1731 1474 omnem
1756 1413 1927 1494 equi-

155 1495 383 1576 tatum,
429 1512 492 1560 et
531 1517 677 1560 cum
705 1495 803 1558 bis
832 1497 1275 1559 velocissumos
1304 1496 1545 1578 pedites
1588 1517 1769 1560 cursu
1798 1514 1928 1562 ten·

155 1587 314 1652 dere
344 1585 425 1647 ad
453 1583 744 1668 Capsam,
789 1597 853 1645 et
879 1597 1088 1666 portas
1115 1583 1403 1644 obsidere
1435 1583 1645 1666 jubet:
1692 1585 1925 1650 deinde

155 1672 300 1769 ipse
329 1669 598 1732 intentus
625 1689 881 1752 propere
909 1669 1108 1750 sequi,
1150 1690 1351 1750 neque
1380 1669 1608 1732 milites
1646 1673 1927 1752 praedari

159 1757 392 1820 sinere.
485 1753 666 1829 Quae
692 1769 1018 1837 postquam
1062 1754 1375 1855 oppidani
1400 1775 1781 1842 cognovere3
1828 1778 1927 1822 res

159 1842 463 1926 trepidae,
523 1855 728 1903 metus
781 1840 1018 1926 ingens,
1079 1840 1313 1903 malum
1359 1839 1785 1940 improvisum,
1845 1845 1929 1907 ad

153 1930 283 1992 hoc
309 1947 450 2011 pars
477 1925 707 1990 civium
737 1941 910 1989 extra
935 1927 1184 1988 moenia
1212 1925 1275 1988 in
1302 1925 1579 1990 hostium
1604 1943 1926 2011 potestate,

151 2011 450 2099 co'e‘gere,
495 2013 588 2077 uti
618 2009 1003 2077 deditionem
1045 2011 1335 2077 facerent.
1426 2012 1724 2079 Ceterum
1755 2016 1927 2099 oppi-

157 2102 363 2189 dum
347 2118 702 2164 incensum·
785 2100 1108 2163 Numidae
1135 2101 1396 2183 puberes
1427 2098 1769 2174 interfecti3
1816 2104 1927 2166 alii

159 2208 387 2251 omnes
413 2206 643 2249 venum
689 2184 847 2247 dati.
911 2186 1138 2267 praeda
1182 2186 1481 2248 militibus
1526 2185 1749 2249 divisa.
1842 2188 1923 2251 Id

155 2271 402 2335 facinus
439 2270 707 2333 *contra
676 2291 786 2353 Jus
813 2270 974 2345 belli,
1005 2290 1129 2333 non
1158 2268 1433 2347 avaritie,
1454 2292 1661 2353 neque
1690 2272 1927 2337 scelere

157 2356 430 2421 consulis
475 2356 858 2430 admissum,
904 2358 1016 2419 sed
1045 2357 1190 2438 quia
1232 2358 1403 2419 locus
1445 2358 1791 2440 jugurthae
1818 2380 1927 2445 op-

155 2458 480 2527 portunus,
538 2441 718 2503 nobis
771 2442 942 2505 aditu
995 2441 1285 2520 difficilis,
1346 2462 1543 2525 genus
1594 2442 1925 2510 hominum

159 2526 417 2605 mobile,
441 2525 724 2609 infidum,
741 2548 938 2610 neque
962 2526 1284 2607 beneficio,
1306 2548 1507 2611 neque
1534 2544 1707 2593 metu
1729 2529 1925 2597 “coer-

155 2614 382 2677 citum.
965 2650 972 2657 -

249 2694 883 2781 xC11.Pos·rt›„um
907 2714 1144 2765 tantam
1174 2720 1307 2763 rem
1340 2701 1611 2779 Marius,
1636 2702 1771 2767 sine
1794 2705 1922 2769 ullo

161 2804 420 2850 suorum
446 2786 852 2873 incommodo
882 2787 1175 2873 patravit·
1212 2790 1469 2873 ma'gnus
1498 2806 1561 2855 et
1589 2792 1789 2855 clarus
1818 2813 1924 2855 an·

159 2887 284 2948 tea,
345 2868 544 2958 major
585 2887 653 2935 et
693 2871 913 2935 clarior
955 2872 1166 2937 haberi
1213 2874 1431 2957 coepit.
1520 2877 1757 2941 Omnia
1799 2900 1923 2941 non

161 2958 322 3021 bene
351 2958 662 3021 consulta
649 2978 712 3019 m
735 2958 1030 3021 virtutem
1059 2959 1477 3023 trahebanturz
1508 2961 1759 3038 milites,
1788 2982 1927 3024 mo·

161 3044 343 3107 desto
387 3042 652 3127 imperio
679 3043 870 3107 habiti
913 3043 1121 3119 simul,
1167 3060 1229 3107 et
1257 3044 1614 3130 locupletes,
1658 3050 1738 3110 ad
1784 3050 1923 3111 coe-

159 3131 294 3248 lum
339 3128 543 3194 ferre.
603 3128 930 3193 'Numidae
975 3130 1196 3214 magis,
1244 3153 1431 3214 quam
1478 3136 1801 3199 mortalem
1844 3136 1918 3202 ti-

229 3322 254 3360 8
281 3310 634 3375 Egrederentur.
705 3312 902 3362 Scilicet
922 3316 1104 3362 castris.

230 3377 256 3415 b
283 3374 609 3429 stmulo-eum.
681 3378 933 3443 Hillocky‚
968 3378 1059 3427 fun
1082 3378 1144 3427 of
1173 3380 1313 3429 small
1336 3378 1465 3428 hut-1.

225 3443 238 3481 i
280 3444 452 3493 Contra
497 3462 565 3502 us,
601 3446 685 3493 &c.
757 3448 1002 3506 Contrary
1023 3457 1077 3492 to
1099 3448 1183 3493 the
1206 3447 1302 3495 law
1324 3462 1379 3493 or
1399 3446 1528 3497 rules
1550 3446 1611 3499 of
1638 3465 1770 3505 war:
1810 3452 1839 3499 i.
1866 3461 1908 3497 e.

162 3521 216 3560 to
237 3511 323 3557 the
331 3460 565 3559 usuaaf
505 3512 716 3574 practice
739 3511 800 3559 of
827 3515 912 3559 the
937 3510 1178 3558 Romans.
1506 3524 1525 3553 ς

227 3574 256 3615 k
283 3576 562 3625 Coercitum.
635 3578 852 3641 capable
875 3576 936 3625 of
963 3578 1114 3641 being
1137 3574 1256 3642 kept
1280 3578 1329 3627 in
1355 3579 1640 3646 subjection.
