2284 4150
663 292 1038 358 Sauum-11
1069 292 1469 373 JuennTnA.
1521 288 1528 293 '
1736 300 1947 423 *123

163 429 356 502 ιαὼς
402 423 826 492 defensoribus
851 426 1174 490 moenium
1203 425 1478 510 praemia
1506 424 1721 500 modo,
1752 430 1947 492 modo

159 511 586 578 formidinem
617 517 960 588 ostentare3
1006 535 1153 576 suos
1193 511 1499 575 hortando
1528 510 1605 572 ad
1653 509 1945 576 virtutem

159 599 453 682 erigere,
483 598 1026 683 prorsusintentus
1049 613 1266 662 cuncta
1292 618 1521 682 parare.
1601 595 1947 674 Adherbal,

155 685 287 749 ubi
319 686 613 768 intellegit
645 685 852 749 omnis
880 703 1018 747 suas
1049 685 1327 748 fortunas
1356 683 1421 744 in
1450 695 1735 746 extremo
1774 683 1945 762 sitas,

152 773 422 836 hostem
454 771 770 848 infestum,
814 769 1028 834 auxilii
1057 792 1233 854 spem
1261 769 1517 844 nullam,
1562 769 1818 850 penuria
1848 790 1945 830 re-

151 877 316 920 rum
345 858 828 920 necessariarum
859 857 1084 920 bellum
1113 856 1272 922 trahi
1302 877 1425 918 non
1452 875 1667 937 posse;
1714 875 1797 918 ex
1820 855 1943 932 hie,

153 945 283 1025 qui
317 965 434 1006 una
463 943 700 1008 Cirtam
725 941 1140 1026 profugerant,
1169 944 1298 1007 duo
1324 961 1615 1004 maxume
1638 940 1943 1023 impigros

151 1029 426 1112 delegit,
475 1050 582 1092 eos
611 1031 805 1092 multa
832 1029 1201 1112 pollicendo,
1242 1051 1312 1092 ac
1344 1027 1697 1090 miserando
1726 1047 1941 1090 casum

153 1133 360 1178 suum
387 1117 728 1191 confirmat,
771 1116 862 1178 uti
891 1137 1001 1198 per
1039 1115 1313 1178 hostium
1346 1113 1721 1176 munitiones
1747 1127 1945 1176 noctu.

151 1201 255 1264 ad
285 1219 660 1282 proxumum
695 1215 884 1277 mare,
927 1199 1076 1262 dein
1095 1199 1380 1262 ‘Romam
1410 1213 1758 1282 pergerent.

263 1285 517 1348 XXIV.
567 1285 914 1348 NumnAE
943 1285 1153 1369 paucis
1180 1285 1401 1348 diebus
1425 1284 1603 1370 jussa
1630 1284 1897 1350 efficiunt
1914 1309 1947 1350 ε.

146 1371 416 1434 litterae
451 1369 826 1434 Adherbalis
849 1370 911 1432 in
937 1385 1151 1434 senatu
1178 1372 1487 1446 recitatae,
1513 1390 1775 1452 quarum
1798 1394 1936 1434 sen-

149 1455 364 1520 tentia
393 1455 546 1518 haec
591 1454 730 1518 fuit.
819 1461 862 1492 ‘⁴
897 1457 1050 1518 Non
1087 1477 1227 1520 mea
1272 1451 1447 1538 culpa
1490 1476 1671 1538 saepe
1716 1457 1795 1518 ad
1824 1479 1939 1522 vos

150 1557 420 1605 oratum
451 1541 652 1618 mitto,
699 1541 912 1604 Patres
941 1541 1296 1626 conscripti,
1322 1543 1435 1604 sed
1466 1540 1563 1605 vis
1594 1541 1939 1624 Jugurthae

154 1627 432 1710 subigit:
464 1647 654 1710 quem
676 1641 842 1690 tanta
865 1628 1078 1692 lubido
1099 1626 1533 1711 exstinguendi
1563 1647 1663 1690 ine
1690 1627 1937 1708 invasit,

151 1713 262 1774 uti
309 1733 510 1794 neque
555 1733 688 1784 voe,
747 1733 950 1795 neque
995 1714 1150 1774 deos
1197 1712 1563 1774 immortalis
1613 1713 1678 1773 in
1719 1715 1933 1776 animo

155 1797 430 1872 habeam
487 1797 851 1881 sanguinem
897 1816 1132 1875 meum,
1188 1808 1402 1881 &quam
1447 1795 1677 1874 omnia,
1736 1797 1931 1862 malit.

159 1883 397 1966 Itaque
451 1885 734 1965 quintum
775 1884 910 1967 jam
963 1905 1265 1960 mensem,
1326 1883 1529 1946 socius
1580 1895 1646 1946 et
1696 1883 1934 1948 amicus

154 1968 398 2052 populi·
417 1967 714 2042 Romani,
742 1968 930 2032 armis
958 1970 1243 2032 obsessus
1268 1985 1510 2048 teneorz
1540 1991 1741 2052 neque
1769 1969 1931 2034 mihi

157 2053 478 2137 Micipsae
504 2053 689 2138 patris
715 2054 1026 2133 beneficia,
1053 2078 1253 2141 neque
1272 2071 1476 2120 vestra
1494 2056 1743 2118 decreta
1764 2057 1936 2120 auxi·

151 2140 415 2205 liantur:
477 2140 662 2215 ferr-0,
715 2162 790 2205 an
839 2143 1004 2205 fame
1049 2144 1251 2206 acrius
1296 2143 1609 2225 '‘urg-near,
1660 2140 1933 2207 incertus

151 2248 331 2289 sum.
423 2226 608 2289 Plura
636 2228 714 2289 de
761 2228 1068 2311 Jugurtha
1095 2228 1385 2302 scribere,
1427 2225 1784 2289 dehortatur
1810 2226 1935 2290 for-

91 2316 94 2319 ’
139 2327 315 2376 tuna
343 2334 522 2375 mea:
569 2313 759 2375 etiam
789 2329 966 2375 antea
995 2310 1283 2397 expertus
1327 2332 1487 2390 sum,
1532 2332 1749 2393 parum
1784 2314 1930 2377 fidei

156 2400 416 2461 miseris
463 2418 638 2460 esse:-
691 2398 826 2459 inisi
875 2412 1082 2459 tamen
1127 2399 1447 2480 intellego,
1502 2396 1935 2481 illum-supra,

157 2505 354 2567 quam
387 2504 505 2565 ego
533 2504 694 2557 sum,
725 2496 954 2564 petere,
973 2502 1185 2563 neque
1210 2482 1395 2556 simul
1424 2480 1928 2547 amicitiamves-

155 2584 348 2646 tram,
379 2583 442 2631 et
470 2589 729 2651 regnum
751 2588 959 2629 meum
991 2570 1263 2651 sperares:
1312 2583 1517 2630 utrum
1546 2568 1795 2649 gravius
1824 2592 1931 2633 ex-

154 2656 443 2729 istumet,
486 2654 720 2716 nemini
749 2655 1056 2717 occultum
1083 2668 1197 2718 est.
1289 2655 1464 2717 Nam
1494 2652 1931 2729 initio-occidit

159 2742 618 2823 Hiempsalem,
677 2739 930 2803 fratrem
957 2762 1231 2815 ·meum;
1289 2740 1433 2803 dein
1477 2738 1677 2823 patr-io
1710 2760 1925 2827 regno

158 2848 272 2893 me
319 2827 842 2909 expulit.:--quae
881 2848 1042 2889 -sane
1076 2827 1315 2891 fuerint
1356 2840 1599 2889 nostrae
1643 2826 1927 2911 injuriae,

315 2960 356 3007 k

163 3064 256 3113 the
293 3071 520 3129 rampart
549 3061 656 3112 and
687 3065 831 3113 other
863 3060 1033 3113 works
1066 3062 1263 3128 against
1293 3064 1379 3113 the
1409 3061 1603 3113 attacks
1626 3060 1687 3111 of
1709 3063 1927 3113 >enemies

163 3128 520 3187 frommithin,
554 3144 610 3176 or
631 3128 762 3177 from
779 3130 1008 3185 without,
1033 3146 1088 3179 as
1113 3132 1222 3179 well
1247 3146 1303 3179 as
1322 3140 1377 3177 to
1398 3146 1559 3193 annoy
1578 3132 1661 3178 the
1684 3130 1925 3194 besieged.

238 3208 266 3247 z
293 3194 477 3261 Qum.
551 3195 726 3250 Malit.
753 3197 902 3258 bein-g
917 3197 1202 3260 equ-ivalent
1224 3210 1279 3247 to
1297 3198 1463 3261 magi-s·
1482 3196 1618 3253 velit,
1640 3198 1925 3261 sapei-sedes

163 3262 252 3311 the
275 3262 518 3325 necessity
543 3260 606 3308 of
631 3262 872 3325 inserting
887 3264 1054 3327 magis
1078 3263 1246 3313 before
1266 3279 1433 3328 quam.

231 3327 263 3378 ,Β
294 3327 520 3389 Urguear.
593 3328 676 3375 An
695 3328 937 3377 archaism
964 3328 1040 3376 sor
1061 3344 1246 3393 urgear.

240 3394 254 3431 ὶ
292 3392 426 3439 Nisi.
509 3394 638 3441 This
671 3394 714 3443 is
751 3394 848 3443 stin
883 3394 1002 3443 used
1037 3410 1094 3443 as
1127 3410 1193 3443 an
1229 3394 1485 3459 exceptive
1524 3394 1744 3459 particle.
1812 3400 1925 3450 The

165 3459 407 3521 meaning
442 3459 500 3514 is,
537 3458 562 3507 1
604 3460 705 3508 will
745 3462 888 3509 write
925 3461 1018 3509 nisi
1050 3460 1136 3508 hoc
1172 3476 1337 3515 unum,
1372 3462 1457 3509 but
1496 3461 1599 3515 this
1632 3477 1726 3514 one
1758 3466 1919 3529 things

167 3525 281 3577 Nisi
303 3536 470 3579 tamen
491 3522 578 3580 hoc
597 3540 752 3580 unum
769 3526 1000 3581 exibam,
1032 3522 1155 3588 quod
1170 3526 1397 3595 intelligo,
1419 3528 1505 3579 &e-
1872 3530 1885 3544 ¹

975 3594 1108 3661 ΚΞ
