2284 4150
361 297 478 350 158
589 368 598 376 ·
827 285 1203 348 Sanus-ru
1236 283 1633 366 JumanA.

356 441 603 496 uxorea,
635 419 826 484 denas
851 420 976 496 alii,
1003 419 1108 482 alii
1137 419 1342 502 plures
1367 417 1625 492 habent3
1660 417 1773 480 sed
1804 437 1985 502 reges
2012 426 2117 484 'eo

356 507 640 590 amplius.
702 508 794 568 Ita
819 507 1058 568 animus
1081 505 1373 568 multitud
1378 505 1480 566 ine
1502 503 1862 566 distrahitur
1875 529 1895 577 3
1922 503 2119 572 bnuua

355 615 468 678 pro
497 593 662 654 socia
691 593 955 654 obtinet:
1002 591 1229 674 pariter
1256 612 1473 654 omnes
1498 591 1653 652 viles
1680 604 1842 652 sunt.

446 679 758 742 LXXXI.
815 681 1066 740 IGrruR
1118 679 1182 741 in
1224 678 1433 740 locum
1478 677 1775 739 ambobus
1818 675 2123 758 placitum

360 763 666 827 exercitus
695 765 1097 827 conveniunt:
1148 762 1256 838 ibi,
1302 763 1421 826 fide
1453 764 1592 824 data
1621 776 1686 822 et
1712 776 1980 844 accepta,
2010 765 2121 843 Ju-

361 852 582 934 gurtha
633 851 860 913 Bocchi
903 850 1182 912 animum
1224 847 1503 912 oratione
1548 847 1862 910 accendit:
1914 854 1957 882 “
1988 849 2117 912 R'o-

359 959 578 998 manos
607 937 890 1019 injustos-³,
933 935 1241 1018 profunda
1283 933 1559 1010 avaritia,
1602 931 1954 996 communis
1985 956 2119 998 om-

363 1023 539 1087 nium
573 1022 765 1083 hostis
799 1043 970 1084 esse:
1018 1022 1305 1084 eamdem
1334 1021 1469 1082 illos
1498 1040 1777 1085 caussam
1806 1021 1946 1082 belli
1974 1043 2135 1085 cum.

363 1107 616 1169 Boccho
645 1107 893 1184 habere,
937 1127 1120 1188 quam
1148 1125 1357 1169 secum
1386 1121 1447 1167 et
1475 1125 1620 1166 cum
1650 1106 1784 1166 aliis
1818 1105 2121 1187 gentibu3‚

361 1193 703 1256 lubidinem
751 1192 1144 1277 imperitandi
1164 1216 1183 1254 ι
1228 1187 1367 1275 quis
1394 1189 1600 1254 omnia
1630 1211 1819 1274 regna
1864 1192 2123 1256 advorsa

365 1278 522 1341 sint:
569 1295 705 1342 tum
737 1301 895 1357 sese,
940 1281 1144 1362 paullo
1170 1293 1307 1342 ante
1352 1274 1923 1358 Carthaginienses,
1968 1276 2121 1341 item

363 1385 582 1447 regem
617 1366 897 1440 ‘Persem
953 1379 1110 1450 post,
1163 1365 1250 1427 uti
1296 1364 1558 1446 quisque
1603 1363 2118 1444 opulentissumus

363 1451 668 1526 videatur,
723 1451 806 1514 ita
849 1451 1153 1520 Romanis
1196 1451 1441 1512 hostem
1482 1447 1681 1514 fore.’'
1770 1449 1893 1512 His
1940 1464 2118 1532 atque

363 1535 510 1597 aliis·
528 1537 748 1598 talibus
777 1534 982 1606 dictis,
1029 1536 1106 1597 ad
1141 1537 1381 1597 Cirtam
1410 1535 1709 1615 oppidum
1736 1533 1855 1598 iter
1898 1537 2120 1598 consti-

366 1631 578 1692 tuunt;
626 1623 794 1702 quod
839 1620 923 1681 ibi
959 1621 1258 1682 Metellus
1298 1621 1591 1702 praedam
1636 1621 2036 1702 captivosque
2065 1635 2121 1684 et

366 1706 813 1790 impedimenta
854 1707 1179 1769 locaverat.
1270 1707 1364 1768 Ita
1406 1705 1709 1788 jugurtha
1754 1721 1943 1782 fatue,
2003 1722 2122 1784 aut,

367 1801 539 1875 capta-
565 1793 735 1867 urbe,
774 1791 1022 1874 doperae
1049 1793 1315 1874 pretium
1343 1788 1509 1864 sore3
1554 1804 1679 1866 aut,
1718 1791 1775 1853 si
1800 1791 2121 1857 Romanus

366 1878 598 1941 auxilio
625 1877 756 1938 suis
778 1876 1072 1953 venisset,
1101 1878 1327 1960 praelio
1350 1898 1487 1940 sese
1514 1891 1870 1945 certaturos.
1953 1879 2123 1940 Nam

367 1960 620 2023 callidus
651 1961 719 2023 id
749 1962 940 2025 modo
985 1961 1329 2038 festinabat,
1380 1961 1613 2030 Bocchi
1655 1983 1871 2045 pacem
1900 1962 2124 2032 ,immi-

365 2047 596 2123 nuer'e3
654 2068 733 2111 ne
777 2067 983 2111 moras
1027 2047 1339 2131 agitando,
1392 2047 1583 2124 aliud,
1638 2069 1823 2131 quam
1874 2048 2125 2129 bellum,

367 2134 598 2197 mallet.

455 2219 801 2283 LXXXII.
879 2221 1293 2291 IMPERATon
1320 2236 1645 2304 postquam
1672 2224 1754 2286 de
1784 2242 2005 2307 regum
2031 2244 2125 2285 so-

369 2305 587 2369 cietate
607 2306 920 2389 cognovit,
967 2326 1094 2369 non
1118 2320 1373 2382 temere,
1401 2329 1625 2391 neque,
1666 2308 1759 2376 uti
1788 2329 1968 2390 saepe
1989 2309 2123 2391 jam

368 2390 532 2454 victo
559 2391 860 2475 Jugurtha
885 2406 1299 2463 consueverat,
1326 2396 1613 2457 omnibus
1637 2395 1791 2457 locis
1814 2395 2127 2477 pugnandi

369 2478 614 2561 copiam
637 2479 820 2539 facit:
852 2494 1124 2541 ceterum
1154 2478 1318 2541 haud
1347 2481 1557 2561 procul
1584 2480 1659 2541 ab
1690 2480 1883 2555 Cirta,
1910 2479 2124 2541 castris

367 2562 648 2640 munitiS,
701 2583 876 2646 reges
923 2562 1281 2647 ‚opperitur3
1336 2566 1560 2628 melius
1614 2580 1799 2643 ratus,
1862 2564 2123 2649 cognitis

370 2648 643 2723 Mauris»,
701 2650 993 2729 quoniam
1045 2648 1097 2713 is
1146 2670 1343 2713 novus
1391 2650 1589 2713 hostis
1634 2666 1989 2729 accesserat,
2048 2672 2127 2711 ex

371 2732 704 2795 commodo
750 2752 1016 2819 pugnaui
1045 2732 1268 2794 facere.
1359 2735 1618 2799 Interim
1652 2734 1851 2800 Roma
1878 2756 1991 2819 per
2034 2736 2127 2797 lit-

368 2831 532 2887 terass
561 2814 782 2884 certior
809 2818 898 2893 fit,
941 2818 1321 2901 provinciam
1370 2820 1746 2885 Numidiam
1779 2821 1996 2885 Mario
2026 2822 2130 2883 das·

366 2920 556 2967 tam:—
585 2924 728 2973 nam
761 2905 1074 2966 consulem
1117 2904 1370 2982 factum,
1406 2906 1540 2989 jam
1570 2922 1744 2969 antea
1790 2919 2125 2989 acceperat.

371 2988 538 3067 Quts
558 2991 739 3053 rebus
755 3010 939 3071 supra
961 2980 1217 3052 ³bonum
1239 3005 1423 3073 atque
1438 2992 1769 3056 honestum
1792 2992 2131 3075 penulam,

437 3204 461 3232 ⁸
487 3195 567 3245 Eo
587 3192 813 3263 amplius.
883 3194 963 3244 Eo
977 3192 1134 3260 plures
1158 3195 1259 3245 scil.
1282 3213 1461 3249 uxores.

436 3259 463 3298 b
489 3261 656 3311 Nulla.
727 3262 788 3311 In
811 3276 946 3311 some
967 3260 1183 3311 editions
1204 3262 1407 3314 nullam.
2004 3300 2011 3307 .

435 3336 461 3365 0
486 3327 668 3377 Persen·
743 3328 936 3384 Perses,
972 3328 1109 3391 King
1132 3328 1193 3377 of
1211 3330 1528 3389 Macedonia,
1543 3330 1850 3397 vanquished
1865 3331 1966 3381 and
1980 3332 2063 3385 led
2082 3336 2133 3383 in

369 3391 587 3455 triumph
610 3395 672 3456 by
699 3394 877 3443 Paulus
903 3394 1157 3443 Aemilius.

437 3457 463 3495 d
489 3457 645 3521 Operae
659 3458 1004 3526 pretiumfore.
1079 3460 1263 3511 Would
1286 3463 1479 3511 reward
1502 3463 1605 3512 him
1630 3464 1711 3513 for
1733 3467 1811 3514 his
1834 3466 2039 3515 trouble.

439 3533 462 3561 ο
485 3522 677 3578 Bonum
697 3534 833 3587 atque
846 3524 1113 3581 humetum.
1181 3526 1341 3595 Right
1362 3530 1462 3579 and
1484 3532 1798 3593 honourable,
1822 3546 1887 3582 or.
1899 3532 2103 3587 decem,
