2284 4150
329 269 419 326 40
786 261 1179 328 Sume-ru
1212 233 1597 330 cuium.

331 401 572 483 legatos
615 398 678 462 in
721 395 862 462 foro
903 400 1247 498 conspexit,
1302 413 1729 485 percunctatus
1774 419 1969 483 pauca
2014 399 2109 464 de

329 501 492 550 statu
515 483 804 606 civitatis,
835 503 896 550 et
919 485 1094 569 quasi
1119 489 1335 552 dolens
1364 489 1499 573 ejus
1520 507 1753 564 casum,
1781 485 2111 569 requirere

331 573 634 654 coepit,·
639 579 876 654 ‘quem
933 575 1171 638 exitum
1226 576 1409 638 tantis
1458 573 1639 638 malis
1691 589 2051 656 sperarent.
2036 567 2111 614 ·’”

331 657 680 741 ‚Postquam
715 660 861 724 illos
885 661 1125 724 videt“
1158 663 1335 744 queri
1364 661 1443 724 de
1488 660 1745 724 avaritia
1774 661 2111 744 magistra-

330 759 536 821 tuum,
585 767 868 810 accusare
899 761 1205 821 senatum,
1250 748 1465 830 quod
1450 769 1513 812 ιιι
1556 768 1637 812 eo
1684 746 1899 810 auxilii
1944 741 2113 808 nihil

329 847 524 905 esset3
556 832 822 896 miseriis
839 831 989 896 suis
999 833 1347 896 remedium
1368 848 1637 898 mortem
1661 829 2079 916 exspectare!

329 920 374 954 ⁸⁸
401 934 466 980 at
493 917 674 1002 e30,''
721 917 1011 1002 inquit,“
1044 919 1241 997 vobis,
1270 919 1324 982 si
1354 921 1545 984 modo
1572 917 1691 982 viri
1722 941 1859 982 esse
1888 917 2111 990 voltis,

325 1003 632 1068 rationem
661 1006 1007 1079 ostendam,
1033 1025 1159 1088 qua
1183 1019 1349 1070 tanta
1378 1003 1493 1069 ista
1526 1007 1683 1070 mala
1722 1000 2106 1088 effugiatis?

327 1091 512 1154 Haec
538 1090 642 1152 ubi
669 1089 852 1169 dixit,
899 1090 1315 1174 Allobroges
1300 1113 1365 1152 m
1394 1111 1753 1156 maxumam
1778 1112 1957 1174 spem
1988 1091 2105 1154 ad-

327 1176 526 1253 ducti,
561 1175 958 1242 Umbrenum
989 1196 1190 1255 orare,
1224 1177 1313 1240 uti
1344 1177 1439 1240 sui
1472 1178 1907 1240 miserereturz
1938 1177 2102 1242 nihil

327 1276 458 1326 tam
501 1284 812 1346 asperum,
867 1285 1068 1346 neque
1113 1278 1243 1330 tam
1290 1262 1555 1340 difficile,
1599 1262 1779 1346 ²‘quin
1824 1263 2103 1347 cupidis·

329 1371 510 1414 sume
555 1349 776 1414 facturi
829 1364 1056 1425 essent,
1113 1351 1267 1416 dum
1316 1371 1393 1414 ea
1435 1372 1535 1414 res
1580 1348 1897 1413 civitatem
1948 1371 2098 1414 aere

327 1436 529 1500 alieno
556 1437 859 1501 liberaret.
952 1438 1066 1500 Ille
1095 1459 1205 1501 eos
1234 1438 1299 1500 in
1326 1439 1589 1500 domum
1626 1438 1711 1500 D.
1746 1436 1929 1500 Bruti
1958 1457 2101 1520 per-

329 1521 540 1596 ducit3
581 1523 750 1604 quod
786 1521 924 1584 foro
969 1523 1329 1606 propinqua,
1372 1543 1575 1606 neque
1602 1522 1801 1586 aliena
1828 1523 2099 1602 consilii,

323 1622 578 1692 propter
621 1607 1092 1691 Semproniam.
1139 1629 1287 1672 nam
1318 1624 1453 1672 tum
1500 1611 1733 1673 Brutus
1776 1610 1855 1672 ab
1884 1608 2097 1675 Roma

329 1695 556 1758 aberat.
647 1693 978 1760 Praeterea
1023 1695 1361 1760 Gabinium
1403 1697 1673 1772 arcessit,
1718 1716 1843 1778 quo
1892 1697 2097 1781 major

329 1781 658 1845 auctoritas
681 1782 952 1844 sermoni
981 1783 1241 1846 inesset.
1273 1803 1351 1844 eo
1378 1797 1699 1868 praesente
1722 1783 2097 1867 conjuratio·

290 1898 298 1901 -
325 1875 476 1932 nem
501 1865 726 1966 aperit3
753 1866 1032 1930 nominat
1051 1868 1277 1946 socios,
1304 1882 1617 1952 praeterea
1642 1869 1869 1932 multos
1890 1869 2096 1954 cujus·

325 1975 448 2037 que
477 1951 720 2038 generis
743 1953 1080 2030 ’innoxios,
1123 1977 1251 2039 quo
1292 1954 1511 2041 legatis
1540 1957 1787 2019 animus
1830 1955 2094 2038 amplior

325 2057 527 2107 esset.
573 2040 721 2105 dein
749 2061 858 2105 eos
885 2041 1193 2126 pollicitos
1218 2063 1473 2127 operam
1500 2063 1681 2106 suam
1708 2041 1995 2107 dimittit.

417 2129 600 2193 XLI.
651 2129 794 2192 SED
838 2128 1211 2213 Allobroges
1254 2128 1367 2193 diu
1412 2128 1474 2192 in
1520 2127 1757 2194 incerto
1799 2128 2090 2215 habuere,

329 2216 630 2299 quidnam
657 2216 896 2279 consilii
927 2231 1231 2298 caperent.
1310 2217 1386 2279 In
1414 2216 1604 2279 altera
1630 2231 1801 2299 parte
1832 2231 1961 2279 erat
1986 2236 2092 2281 ses

327 2303 624 2379 alienum,
665 2302 944 2364 studium
987 2302 1155 2379 belli,
1200 2324 1423 2387 magna
1466 2322 1707 2365 merces
1736 2304 1797 2365 in
1828 2324 1937 2403 spe
1966 2301 2091 2365 vic·

327 2390 558 2453 toriae.
605 2404 668 2451 at
697 2387 758 2451 in
789 2390 978 2453 altera
1005 2390 1273 2475 majores
1300 2412 1473 2475 opes,
1515 2403 1646 2451 tuta
1676 2388 1950 2463 consilia,
1978 2410 2089 2472 pro

327 2478 561 2539 incerta
589 2496 722 2557 spe,
749 2491 912 2539 certa
939 2476 1229 2560 praemia.
1323 2479 1500 2540 Haec
1530 2474 1649 2539 illis
1678 2476 2087 2553 volventibus,

325 2563 580 2625 tandem
609 2560 758 2625 vicit
784 2560 1026 2627 fortuna
1055 2562 1442 2663 reipublicae.
1521 2564 1737 2645 Itaque
1772 2562 1857 2637 Q.
1894 2562 2085 2624 Fabio

329 2649 594 2731 Sangae,
639 2648 814 2731 cujus
857 2648 1221 2730 ‘patrocinio
1250 2648 1467 2713 civitas
1512 2650 1851 2731 plurimum
1884 2648 2087 2711 uteba·

326 2748 448 2805 tur,
470 2755 606 2796 rem
623 2754 901 2809 omnem,
927 2749 1016 2795 uti
1035 2749 1467 2817 cognoverant
1491 2735 1788 2817 aperiunt.
1841 2732 2084 2811 Cicero,

324 2836 438 2901 per
491 2820 760 2904 Sangam
785 2815 1113 2920 [consilio]
1166 2820 1433 2905 cognit0‚
1488 2820 1709 2903 legatis
1760 2820 2085 2903 praecepit,

291 2964 296 2968 .
325 2906 628 2971 ”studium
665 2905 1100 2991 conjurationis
1129 2908 1527 2971 vehementer
1566 2906 1881 2983 simulent,
1923 2920 2109 2983 cete·¹

395 3067 422 3095 ¹
445 3056 588 3125 Qu'n.
659 3058 804 3105 More
828 3056 1025 3121 elegant
1049 3058 1171 3106 than
1200 3054 1323 3121 quod
1350 3072 1453 3117 non,
1487 3058 1657 3106 which
1692 3057 1735 3105 is
1768 3057 1853 3104 the
1878 3054 2087 3120 reading

333 3120 384 3170 in
411 3138 548 3171 some
569 3122 795 3171 editions.

394 3198 424 3239 5
443 3190 1007 3239 Innoxioe.1nnocent
1047 3204 1186 3249 men,
1220 3204 1427 3256 persons
1464 3200 1552 3238 not
1590 3186 1867 3239 concerned
1908 3187 1961 3235 in
1992 3188 2076 3236 the

330 3268 424 3303 con
487 3270 586 3306 trac

395 3270 727 3373 *Ἓαινοζίηἰα
795 3321 1075 3373 Individual
1099 3322 1377 3380 noblemen,
1413 3336 1469 3370 or
1488 3320 1755 3387 particular
1790 3318 2001 3369 families
2022 3317 2082 3369 of

329 3388 571 3453 patrician
594 3390 721 3439 rank
743 3404 876 3440 were
899 3391 1182 3439 sometimes
1203 3402 1407 3455 patrous
1428 3387 1489 3435 of
1516 3387 1677 3437 whole
1700 3396 1866 3435 states.

393 3464 420 3495 ⁸
443 3454 676 3508 Studium.
748 3458 834 3506 An
859 3458 1166 3525 attachment
1187 3468 1255 3516 to,
1279 3470 1344 3505 an
1364 3464 1564 3506 eat-nest
1585 3453 1742 3505 desire
1766 3452 1843 3503 for
1865 3454 1949 3501 the
1972 3466 2075 3503 suc

337 3537 442 3573 cess
468 3522 535 3571 of.
