2284 4150
643 299 1014 366 Snwsvu
1043 297 1441 381 Joomm.
1788 303 1903 366 1:³1

109 433 428 502 mileti
455 434 884 502 Numidarum
911 435 1058 517 equi
1085 434 1263 502 facile
1292 433 1455 498 inter
1478 428 1749 515 virgulta
1766 455 1909 504 eva..

118 524 334 596 dere3
381 533 620 588 nostros
645 524 940 608 asperitas
969 537 1032 586 et
1061 520 1387 586 insolentia
1412 518 1535 584 loci
1558 517 1875 584 retinebat.

177 669 184 674 .
221 610 349 672 LI.
399 610 748 692 Centum!
775 608 965 672 facies
989 610 1181 672 totius
1208 605 1441 691 negotii
1471 604 1661 682 varia,
1710 604 1908 671 incer-

115 708 218 772 ta,
271 693 452 760 foeda
481 712 666 780 atque
695 693 1090 760 miserabilis:
1137 694 1405 776 dispersi
1428 715 1465 756 a
1487 690 1617 756 suis
1644 713 1784 775 pars
1812 713 1913 756 ce-

115 782 318 856 dere,
361 781 466 846 alii
497 783 775 868 insequi:
821 803 1025 864 neque
1053 780 1253 864 signa,
1296 800 1497 862 neque
1526 777 1778 842 ordines
1800 779 1909 842 ob-

119 887 388 930 servare
403 891 422 930 z
471 869 576 932 ubi
591 888 902 952 quemque
930 867 1275 952 periculum
1304 879 1569 950 ceperat,
1614 865 1699 928 ibi
1725 865 1907 930 resis-

111 967 270 1018 tere
297 974 370 1016 ac
411 955 802 1038 propulsare:
849 975 1042 1032 arma,
1086 953 1231 1030 tela,
1272 953 1441 1036 equi,
1484 950 1627 1028 viri,
1669 951 1905 1032 hostes,

113 1038 304 1104 cives
331 1041 661 1124 permixti:
707 1041 862 1104 nihil
901 1038 1183 1114 consilio,
1226 1061 1431 1122 neque
1470 1035 1733 1122 imperio
1758 1038 1901 1124 agit

113 1123 270 1190 fors
297 1125 516 1188 omnia
555 1149 791 1210 regere.
879 1129 1100 1208 Itaque
1143 1127 1413 1190 multum
1434 1123 1567 1191 ¹die
1594 1145 1907 1206 processe-

112 1224 254 1284 rat,
303 1233 448 1276 cum
475 1211 668 1276 etiam
695 1227 832 1276 tum
874 1225 1132 1276 eventus
1162 1213 1230 1272 in
1259 1209 1493 1272 incerto
1524 1224 1677 1274 erat.
1768 1211 1903 1274 De·

115 1298 334 1378 nique
361 1299 652 1362 omnibus
693 1299 900 1362 labore
929 1313 992 1360 et
1017 1311 1193 1362 aestu
1219 1294 1551 1379 languidis,
1599 1296 1905 1362 Metellus

114 1383 242 1446 ubi
276 1383 448 1448 videt
474 1383 792 1448 Numidas
815 1384 1020 1448 minus
1045 1383 1299 1460 instare,
1326 1381 1645 1466 paullatim
1670 1381 1905 1448 milites

117 1467 192 1532 in
234 1488 432 1532 unum
461 1468 774 1544 conducit,
819 1469 1070 1532 ordines
1097 1469 1387 1542 restituit,
1434 1481 1499 1532 et
1526 1467 1795 1532 cohortis
1822 1469 1907 1532 le·

117 1554 446 1637 gionarias
471 1569 736 1638 quatuor
761 1557 1098 1620 advorsum
1125 1555 1369 1639 pedites
1396 1554 1673 1618 hostium
1716 1555 1901 1620 collo-

116 1654 228 1704 cat
242 1661 264 1702 ε
296 1661 512 1702 eorum
539 1663 762 1723 magna
787 1663 926 1724 pars
951 1643 1369 1723 superioribus
1396 1641 1549 1706 locis
1571 1639 1733 1704 fessa
1756 1664 1906 1705 con·

119 1725 400 1790 federat.
495 1726 702 1790 Simul
741 1747 940 1803 orare,
983 1727 1219 1788 hortari
1268 1727 1517 1802 milites,
1567 1730 1612 1760 ‘⁶
1642 1747 1722 1786 ne
1752 1728 1905 1790 defi·

119 1826 366 1887 cerent,
391 1833 516 1877 neu
545 1825 894 1895 paterentur
915 1811 1114 1874 hostis
1143 1811 1455 1895 fugientes
1477 1811 1761 1876 vincere:
1796 1833 1905 1876 ne-

120 1919 262 1982 que
309 1897 426 1962 illis
469 1914 664 1962 castra
711 1919 869 1974 esse,
927 1919 1128 1980 neque
1178 1896 1639 1964 munimentum
1682 1899 1899 1974 ullum,

119 2005 268 2068 quo
311 1984 628 2048 ycedentes
679 1983 1036 2048 tenderent:
1103 1985 1167 2047 in
1216 1985 1405 2048 armis
1455 1985 1666 2048 omnia
1717 1984 1899 2054 sita.”

124 2069 270 2135 Sed
297 2077 399 2132 zne
429 2070 736 2155 Jugurtha
765 2069 1022 2155 quidem
1049 2070 1283 2135 interea
1310 2073 1590 2156 quietus:
1637 2071 1903 2133 circum·

125 2156 258 2231 ire,
301 2154 552 2234 hortari,
596 2178 888 2221 renovare
917 2158 1241 2240 praelium,
1274 2172 1337 2219 et
1363 2157 1495 2239 ipse
1522 2176 1667 2217 cum
1696 2156 1905 2219 delec-

123 2242 216 2307 tis
249 2254 480 2305 tentare
523 2242 774 2305 omniaz
821 2243 1147 2305 subvenire
1190 2242 1343 2318 suis,
1386 2240 1665 2307 hostibus
1694 2238 1901 2305 dubiis

127 2327 388 2427 instare,
431 2348 590 2411 quos
619 2328 830 2391 firmos
861 2342 1260 2411 cognoverat,
1300 2326 1545 2391 eminus
1571 2328 1903 2410 pugnando

123 2428 428 2477 retlnereo
1892 2450 1899 2457 ’

227 2499 388 2562 L11.
435 2498 540 2563 Eo
568 2499 760 2563 modo
785 2498 949 2561 inter
969 2520 1038 2563 se
1055 2498 1185 2563 duo
1214 2497 1640 2583 imperatores,
1664 2500 1901 2568 summi

127 2584 284 2662 viri,
329 2586 674 2660 certabant3
719 2584 835 2669 ipsi
865 2606 1060 2668 pares,
1091 2599 1367 2649 ceterum
1395 2585 1614 2669 opibus
1642 2585 1903 2669 dispari-

87 2742 90 2747 ,
127 2671 270 2735 bus.
365 2670 539 2735 Nam
569 2672 839 2739 Metello
867 2671 1066 2735 virtus
1095 2670 1367 2735 militum
1396 2686 1547 2750 erat,
1590 2673 1763 2737 locus
1792 2673 1900 2737 ad·-

131 2778 395 2821 vorsust
443 2759 786 2841 Iugurthae
815 2756 932 2823 alia
959 2758 1195 2832 omnia,
1237 2774 1477 2840 praeter
1509 2759 1761 2837 milites,
1788 2780 1899 2845 op-

127 2858 415 2925 portuna.
509 2844 800 2927 Denique
846 2842 1142 2919 Romani,
1202 2844 1308 2905 ubi
1352 2844 1736 2927 intellegunt,
1788 2868 1895 2911 ne-

129 2948 258 3011 que
297 2928 414 2993 sibi
441 2928 820 3013 ’perfugium
864 2950 1024 3004 esse,
1066 2949 1269 3011 neque
1314 2930 1389 2991 ab
1432 2928 1609 2991 hoste
1654 2930 1899 3011 copiam

128 3014 446 3098 pugnandi
493 3015 650 3092 fieri,
692 3029 757 3079 et
787 3015 926 3101 jam
969 3013 1075 3079 die
1116 3034 1340 3099 vesper
1383 3028 1511 3079 erat
1528 3040 1548 3091 3
1605 3014 1897 3080 badvorso

197 3156 228 3185 ²¹
252 3146 366 3199 Die.
437 3148 540 3199 For
559 3148 670 3199 diei.

189 3224 226 3264 Y
247 3216 460 3273 Cedentes
481 3214 722 3265 tenderent.
787 3214 1054 3281 Elegantly
1076 3215 1361 3283 expressed,
1385 3216 1589 3281 instead„
1602 3215 1664 3265 of
1688 3234 1777 3280 quo
1800 3228 1894 3268 ten-

135 3275 294 3329 derent
315 3283 380 3337 εἰ,
404 3296 474 3339 or,
499 3298 610 3333 cum
632 3281 864 3354 ceder-3311,-
898 3294 954 3333 to
972 3284 1142 3333 which
1167 3284 1282 3347 they
1307 3283 1469 3346 might
1493 3284 1669 3347 repair,
1704 3280 1751 3337 if
1778 3286 1896 3349 they

133 3344 311 3397 should
335 3357 514 3397 rat-eat
536 3365 592 3397 or
611 3351 728 3411 give
748 3364 876 3413 way.

196 3421 224 3449 2
246 3410 340 3460 Ne.
411 3412 552 3463 Must
574 3417 634 3463 be
655 3416 770 3463 here
784 3414 960 3480 joined
980 3425 1034 3463 to
1052 3414 1259 3478 quidem.
1313 3414 1381 3463 In
1404 3428 1547 3465 some
1560 3414 1778 3467 editions
1794 3428 1889 3467 nec.

197 3486 224 3515 ²
247 3474 546 3544 Perficgium.
615 3481 675 3529 ln
699 3496 840 3530 some
861 3482 1073 3531 editions
1087 3478 1386 3547 profetiam.

189 3544 224 3585 εδ
249 3542 470 3597 Advom.
479 3544 608 3599 colle.
673 3548 758 3615 up
780 3550 868 3598 the
888 3547 1004 3603 hina
1037 3546 1230 3599 secundo
1252 3546 1385 3608 colle,
1408 3542 1570 3601 ddwn
1593 3550 1678 3601 the
1699 3546 1805 3599 hill.
